2546 3928
345 246 465 302 182
923 262 1039 298 ont
1075 264 1278 302 msrrr.
1310 250 1412 299 IV.
1456 252 1682 299 11—13.

341 396 402 442 ut
455 386 797 443 manifestum
854 385 975 458 fiat,
1021 404 1158 460 opus
1204 392 1320 457 est,
1366 397 1426 443 ut
1468 390 1616 461 prius
1660 388 1725 442 de
1780 388 1916 461 legis
1969 389 2293 445 actionibus
2317 395 2460 464 [265]

342 471 643 545 loquamur.
1572 477 1575 480 '

470 553 551 614 11.
602 556 877 626 ActioneS,
902 572 1035 628 quas
1068 557 1120 610 in
1152 573 1253 610 usu
1286 564 1498 612 ueteres
1524 555 1841 627 habuerunt,
1876 545 2012 630 legis
2037 559 2293 613 actiones

342 638 773 714 appellabantur,
818 639 905 694 uel
951 639 1071 694 ideo
1117 640 1260 712 quod
1305 639 1519 714 legibus
1563 640 1812 714 proditae
1856 649 2031 710 erant,
2072 642 2293 715 quippe

349 733 476 779 tunc
518 723 688 780 edicta
731 725 1031 797 praetoriS,
1081 724 1275 798 quibus
1319 724 1607 798 conplures
1651 727 1891 781 actiones
1933 724 2289 781 introductae

346 815 491 877 sunt,
526 807 764 863 nondum
794 809 849 863 in
880 824 982 863 usu
1017 807 1368 879 habebantur,
1401 804 1490 864 uel
1519 808 1644 864 ideo
1671 809 1797 881 quia
1826 810 2064 882 ipsarum
2095 809 2288 883 legum

345 892 526 948 uerbis
560 891 993 949 accommodatae
1025 900 1177 948 erant
1210 901 1264 952 et
1296 893 1416 948 ideo
1448 893 1810 949 immutabiles
1853 893 2080 966 proinde
2113 901 2289 966 atque

347 976 499 1050 leges
553 976 1018 1032 obseruabantur:
1074 977 1214 1031 unde
1259 993 1385 1032 cum
1430 979 1522 1049 qui
1565 976 1631 1032 de
1674 977 1877 1033 uicibus
1909 978 2154 1033 succisiis
2201 978 2286 1032 ita

349 1063 576 1133 egisset,
621 1069 683 1115 ut
725 1062 779 1113 in
823 1062 1033 1116 actione
1076 1062 1220 1116 uites
1262 1062 1581 1131 nominaret,
1642 1078 1964 1136 responsum
2009 1069 2111 1132 est,
2154 1078 2287 1116 cum

348 1160 462 1198 rem
493 1143 811 1217 perdidisse,
845 1145 968 1216 quia
1001 1143 1277 1200 debuisset
1308 1145 1528 1200 arbores
1561 1147 1861 1216 nominare,
1905 1162 1970 1201 eo
2003 1144 2147 1219 quod
2188 1144 2287 1200 lex
2334 1149 2356 1163 ⁶

347 1244 439 1284 x11
481 1227 806 1298 tabularum,
854 1245 917 1282 ex
959 1245 1063 1301 qua
1104 1228 1170 1283 de
1219 1228 1422 1284 uitibus
1468 1230 1690 1285 succisis
1742 1232 1883 1286 actio
1939 1236 2286 1302 conpeteret,

340 1311 675 1387 'generaliter
704 1312 770 1367 de
803 1312 1085 1367 arboribus
1117 1314 1339 1369 succisis
1370 1313 1710 1386 loqueretur.
1784 1309 1875 1371 12.
1924 1312 2065 1387 Lege
2097 1322 2286 1368 autem

215 1396 329 1446 191·
352 1396 612 1470 agebatur
644 1396 814 1452 modis
855 1389 863 1474 Ι
905 1398 1163 1471 quinque,
1195 1405 1554 1467 sacramentO,
1598 1413 1696 1469 per
1726 1398 1920 1454 iudicis
1952 1397 2289 1471 postulatio-

230 1471 264 1513 t.
288 1479 327 1513 ⁵·
351 1498 494 1552 nem,
540 1498 636 1554 per
677 1480 1095 1550 condictionem,
1138 1499 1236 1555 per
1266 1498 1454 1537 manus
1496 1482 1867 1552 iniectionem,
1904 1498 2002 1554 per
2033 1483 2289 1555 pignoris

345 1568 667 1640 captionem.

473 1646 561 1706 13.
599 1650 929 1705 Sacramenti
961 1652 1102 1706 ectio
1136 1651 1405 1723 generalis
1440 1657 1581 1706 erat:
1616 1652 1685 1706 de
1716 1649 1913 1722 quibus
1945 1651 2083 1704 enim
2115 1648 2289 1703 rebus

348 1744 407 1790 ut
452 1734 609 1789 aliter
650 1741 925 1806 ageretur,
968 1734 1091 1807 lege
1135 1743 1348 1790 cautum
1394 1751 1501 1790 non
1534 1741 1669 1804 erat,
1716 1734 1781 1789 de
1814 1735 1900 1789 his
1942 1741 2290 1789 sacramento

350 1816 647 1890 agebatur:
680 1833 849 1890 eaque
881 1819 1022 1871 actio
1054 1818 1278 1890 perinde
1311 1818 1622 1891 periculosa
1659 1824 1775 1874 erat
1807 1817 2099 1891 falsiloquo
2138 1833 2288 1887 pro·
2536 1843 2538 1894 Ι

347 1909 481 1973 pter
530 1894 1187 1975 2‘usiurandum¹'atque
1229 1902 1334 1957 hoc
1377 1910 1625 1977 tempore
1666 1901 1969 1978 periculosa
2010 1909 2092 1957 est
2135 1903 2289 1956 actio
2536 1899 2538 1950 Ι

351 1994 528 2042 certae
571 1987 806 2042 creditae
837 1988 1094 2060 pecuniae
1136 1994 1364 2060 propter
1393 1989 1766 2060 sponsionem,
1789 1988 1909 2060 ‘qua
1941 1987 2293 2061 periclitatur

350 2088 492 2141 reuS,
540 2073 586 2126 si
631 2084 831 2127 temere
874 2078 1063 2146 neget,
1109 2069 1201 2143 (et)
1243 2071 1729 2146 restipulationem,
1788 2089 1892 2145 qua
1943 2071 2295 2145 periclitatur
2534 2114 2535 2125 ,

350 2164 521 2226 actor,
567 2158 611 2211 si
656 2172 766 2211 non
812 2155 1052 2212 debitum
1092 2164 1266 2229 petat:
1311 2173 1432 2211 nam
1475 2158 1567 2230 qui
1614 2158 1794 2213 uictus
1840 2165 1974 2226 erat,
2019 2172 2295 2212 summam
2533 2134 2536 2221 l

352 2241 671 2294 sacramenti
702 2240 1013 2311 praestabat
1043 2256 1249 2314 poenae
1281 2242 1526 2308 nomine3
1573 2256 1748 2313 eaque
1778 2242 1835 2296 in
1862 2241 2153 2313 publicum
2187 2257 2293 2299 ce·

351 2322 510 2377 debat
547 2324 908 2396 praedesque
941 2340 1006 2378 eo
1039 2326 1253 2378 nomine
1285 2327 1525 2397 praetori
1555 2324 1857 2394 dabantur,
1907 2342 2012 2380 non
2048 2332 2105 2379 ut
2137 2341 2295 2381 nunc

490 2522 530 2584 ¹)
568 2523 655 2572 Sic
689 2538 820 2572 nunc
855 2524 977 2579 edo,
1022 2522 1073 2571 in
1120 2522 1243 2573 Cod.
1285 2525 1342 2571 id
1383 2525 1520 2587 quod
1557 2525 1790 2586 pro-virne
1833 2524 1904 2571 ad
1935 2521 2115 2570 Seked.
2160 2534 2292 2582 spe-

351 2594 474 2641 eiem
509 2593 756 2642 accedere
790 2591 989 2640 videtur
1024 2606 1116 2640 nec
1148 2592 1196 2639 V
1197 2592 1236 2624 εἴ
1262 2593 1583 2647 adversatur,
1618 2593 1859 2655 seriptum
1888 2589 2051 2650 fuisse
2084 2602 2295 2651 ponens

358 2672 544 2774 salsilog
572 2696 640 2775 ᾖ)
668 2708 723 2761 Τι’
761 2709 838 2771 Cf.
864 2716 1047 2773 postea
1072 2716 1262 2773 propter
1288 2712 1606 2772 sponsionem.
1637 2708 1746 2757 Iam
1770 2709 1848 2758 ed.
1868 2718 1926 2763 2.,
1952 2705 2038 2769 aba·
2061 2707 2294 2768 scripse-
2530 2694 2531 2765 l

353 2793 462 2826 ram
490 2781 628 2827 ‘salsi
663 2778 1000 2828 iurisiurandi
1032 2779 1273 2838 nomine'‚
1313 2780 1509 2827 notavi:
1557 2776 1712 2825 Gafus
1747 2777 1874 2824 enim
1898 2790 2058 2838 neque
2083 2774 2291 2822 omnino

353 2853 720 2896 sacramentum
762 2846 887 2908 quid
926 2850 1088 2904 esset,
1133 2860 1233 2893 non
1277 2846 1571 2907 explicare,
1615 2858 1773 2908 neque
1809 2844 2057 2905 negotium
2091 2843 2143 2888 in
2186 2841 2295 2889 hac

354 2917 552 2963 actione
574 2915 853 2978 perieulum
879 2927 1078 2969 creans,
1107 2914 1189 2960 eui
1214 2928 1283 2961 ex
1306 2913 1386 2961 sui
1409 2913 1649 2975 temporis
1673 2913 1783 2960 iure
1808 2910 2126 2972 sponsionem
2151 2924 2293 2956 com-

350 2989 527 3042 parat,
564 2997 663 3031 non
702 2983 1054 3031 demonstrare
1084 2980 1266 3042 potuit,
1319 2980 1394 3026 De
1419 2994 1475 3028 re
1502 2980 1570 3038 cf.
1598 2977 1702 3028 Cic.
1729 2979 1791 3027 de
1826 2979 1917 3041 off.
1944 2987 1984 3034 3,
2011 2986 2080 3025 29.
2110 2974 2162 3037 3.
2192 2985 2290 3030 106,

354 3054 402 3096 ec
430 3050 625 3098 omnino
654 3050 796 3097 Danz
823 3049 917 3094 der
942 3049 1143 3096 sacr-ale
1169 3046 1370 3104 Schutz,
1397 3048 1611 3095 maxime
1637 3062 1689 3109 p.
1716 3057 1784 3095 99.
1809 3053 1859 3094 et
1884 3060 1929 3095 c.
1955 3056 1997 3093 ⁴.

488 3212 539 3282 §.
579 3217 657 3264 11.
696 3215 777 3277 Cf.
806 3214 870 3262 L.
895 3225 936 3267 2.
971 3213 1026 3277 3.
1054 3224 1094 3263 6.
1137 3215 1205 3263 D.
1231 3217 1296 3264 de
1331 3217 1458 3279 oriy.
1494 3217 1589 3270 iar.
1626 3213 1689 3278 (1,
1715 3214 1779 3271 2).
1839 3216 1997 3263 Varr.
2023 3214 2087 3262 de
2127 3213 2184 3262 L.
2225 3214 2290 3265 L.
2526 3208 2527 3273 ᾗ

353 3294 393 3341 6,
421 3294 486 3333 ⁷1.
528 3285 586 3333 de
613 3284 786 3333 uitibus
814 3278 971 3345 succ.]
1009 3283 1078 3345 ef.
1108 3283 1244 3331 Ptin.
1272 3292 1337 3343 14,
1364 3295 1386 3332 1
1411 3299 1491 3346 pr.
1532 3284 1593 3332 l..
1619 3292 1686 3333 28.
1722 3280 1776 3345 3.
1803 3291 1846 3331 6.
1889 3281 1950 3333 D.
1978 3282 2041 3329 de
2074 3281 2293 3333 iar-elur.
2525 3276 2527 3309 l

360 3354 445 3411 (12,
473 3347 539 3412 2).
587 3350 685 3401 Tit.
715 3352 780 3400 D.
807 3350 918 3402 arb.
951 3351 1080 3412 furt.
1109 3365 1242 3400 caes,
1270 3348 1359 3411 (47,
1386 3350 1447 3411 7).
1585 3347 1636 3416 ξ.
1666 3352 1743 3404 12,
1782 3344 2003 3412 sacram]
2043 3345 2136 3411 33.
2169 3358 2295 3396 13-
2520 3354 2525 3395 l

357 3430 421 3469 17.
459 3435 504 3481 p.
534 3419 626 3468 iud.
656 3415 805 3481 post.]
834 3419 940 3466 eius
966 3419 1224 3478 expositio
1248 3419 1421 3479 periit.
1470 3433 1553 3481 per
1577 3415 1808 3478 condiet]
1845 3415 1939 3479 33.
1965 3425 2150 3464 18-20.
2205 3431 2299 3478 per

360 3499 484 3535 man.
522 3480 632 3549 ini.]
675 3482 768 3547 33.
804 3493 1008 3533 21—25.
1061 3499 1144 3546 per
1176 3486 1305 3547 pign.
1344 3488 1490 3547 capt.]
1527 3482 1619 3547 33.
1654 3494 1856 3538 26-29.
1993 3480 2043 3548 ξ.
2085 3484 2165 3532 13.
2205 3482 2296 3543 Gf.
2524 3512 2525 3537 ι

357 3550 499 3607 infra
520 3549 713 3612 33171.
727 3560 816 3599 180.
845 3550 893 3597 F
891 3557 981 3599 est.
1003 3567 1044 3599 υ.
1062 3550 1461 3613 Sacramentum,
1482 3552 1813 3601 Sat-ramento
1830 3568 1884 3616 p.
1899 3560 1989 3599 344.
2027 3550 2204 3599 Varro
2228 3553 2297 3600 de
2523 3545 2526 3580 l

363 3614 425 3659 L.
458 3616 515 3665 L.
542 3626 583 3673 5,
611 3627 676 3666 36.
714 3614 760 3679 S.
795 3625 885 3664 180.
921 3627 961 3671 6,
988 3626 1026 3670 7.
1062 3615 1116 3679 3.
1146 3627 1211 3666 74.
1258 3618 1347 3666 Fr.
1377 3621 1471 3682 leq.
1498 3626 1668 3682 repet.
1693 3636 1735 3672 v.
1762 3629 1812 3666 24
1836 3617 1947 3678 (Kl.
1973 3633 2025 3680 p.
2052 3614 2141 3679 40).
2182 3617 2298 3671 Cic.
2520 3606 2523 3683 Ι
