2546 3928
281 1484 399 1532 234.

413 240 535 297 224
969 254 1083 289 cau
1119 245 1315 291 iusnr,
1356 239 1446 287 IV.
1490 240 1772 287 132—133.

413 383 628 437 incerta
672 381 908 435 actione:
973 395 1284 443 vava
1328 394 1407 433 OB
1450 394 1577 433 EAM
1618 393 1746 433 mm
1783 392 2111 434 Nvmnmvm
2158 392 2343 432 mam-

410 482 570 522 mvn
613 480 776 521 Avno
830 479 1066 520 Aossmo
1117 479 1284 519 DARE:
1340 477 1581 517 FACERE
1637 475 1948 523 OPORTET,
2005 476 2118 531 per
2161 462 2344 515 inten-

413 543 649 605 tionem¹
699 549 1074 617 consumitur,
1136 555 1194 601 ut
1251 556 1442 619 postea
1496 545 1655 600 nobis
1700 561 1863 619 agere
1908 544 2231 600 uolentibus
2274 547 2344 600 de

415 649 582 689 uacua
612 635 966 707 possessione
1001 630 1254 686 tradenda
1285 630 1431 685 nulla
1462 631 1700 702 supersit
1730 621 1921 685 actio.²
2006 624 2134 685 132.
2183 629 2346 684 Prae·

412 720 741 790 scriptiones
773 723 963 772 autem
1008 714 1303 789 appellatas
1335 730 1457 769 esse
1488 712 1551 767 ab
1581 729 1675 782 eo,
1722 714 1876 785 quod
1917 721 2048 767 ante
2081 712 2346 768 formulas

412 800 897 876 praescribuntur,
951 800 1072 873 plus
1130 816 1290 871 quam
1344 798 1685 853 manifestum
1729 804 1831 852 est.
1919 792 2050 853 133.
2105 796 2213 852 Sed
2258 798 2345 852 his

414 885 629 958 quidem
674 884 1039 958 temporibuS‚
1081 885 1222 939 sicut
1252 899 1415 955 supra
1448 898 1668 954 quoque
1699 881 2101 951 indicauimuS,
2153 898 2345 937 omnes

413 971 869 1043 praescriptiones
901 968 964 1023 ab
995 977 1179 1024 actore
1210 965 1653 1040 proficiscuntur:
1701 965 1825 1021 olim
1869 975 2049 1020 autem
2081 965 2345 1038 quaedam

415 1062 470 1109 et
512 1069 613 1126 pro
658 1069 754 1108 reo
801 1051 1242 1126 opponebantur:
1303 1050 1476 1123 qualis
1521 1049 1610 1105 ina
1657 1057 1779 1104 erat
1814 1051 2206 1123 praescriptio:
2267 1068 2345 1106 BA

414 1153 533 1193 mas
565 1152 848 1206 AGATVR,
902 1150 964 1191 sl
986 1147 1067 1193 [Ν
1089 1130 1174 1192 eui
1202 1152 1285 1193 Re
1312 1148 1770 1191 PRAmvmc-wm
1796 1150 2188 1190 ΗΕΒΕΒΙΤΑΤῙ
2219 1150 2348 1191 Nox

412 1237 594 1292 F1AT,
629 1236 766 1294 quae
797 1236 940 1275 nunc
969 1220 1021 1274 in
1052 1221 1287 1292 speciem
1317 1218 1647 1291 exceptionis
1678 1217 1906 1272 deducta
1938 1226 2043 1287 est,
2077 1228 2133 1273 et
2166 1218 2346 1274 locum

419 1301 605 1382 habet,
637 1321 757 1360 cum
789 1306 994 1378 petitor
1025 1303 1337 1360 hereditatis
1369 1303 1475 1358 alio
1504 1318 1710 1376 yenere
1737 1301 1917 1357 iudicii
1961 1304 2346 1374 praeiudicium

417 1390 715 1445 hereditati
758 1389 943 1458 iaciat,
993 1388 1143 1443 uelut
1173 1405 1294 1444 cum
1339 1404 1435 1443 res
1478 1388 1731 1460 sinyulas
1765 1393 1933 1457 petat
1945 1411 1964 1449 ‚-
2009 1397 2162 1443 esset
2207 1389 2347 1442 enim

425 1475 666 1546 iniquum
685 1518 700 1545 ‚
733 1473 1153 1547 'praeiudicium
1184 1465 1346 1529 sieri3
1373 1465 1439 1545 1-

561 1666 599 1735 ¹)
625 1669 714 1720 Sic
747 1671 847 1719 1²³³t
878 1672 1139 1733 referente
1173 1669 1414 1719 Bekkero
1443 1669 1719 1731 (Aktionen
1751 1686 1802 1732 p.
1826 1666 1940 1733 343.)
1979 1672 2075 1720 litis
2110 1679 2354 1721 contesta—

422 1739 596 1787 tionem
630 1740 747 1793 edd.
773 1741 920 1788 etiam
953 1754 1092 1788 meae
1128 1749 1167 1787 1.
1191 1749 1232 1787 2.
1339 1736 1379 1797 ²)
1416 1737 1656 1802 Sequitur
1688 1740 1904 1799 spatium
1940 1753 2165 1787 vacuum.
2215 1739 2354 1789 For-

421 1812 558 1854 tasse
599 1807 754 1868 igitur
786 1808 1010 1858 excidit:
1058 1814 1136 1855 aut
1178 1807 1453 1868 exceptione
1492 1819 1890 1864 summoveamur3
1929 1811 2140 1867 agentes
2172 1820 2245 1855 sc.
2283 1823 2355 1856 εκ

419 1873 678 1934 stipulatu,
706 1886 834 1936 quae
869 1874 1003 1923 actio
1028 1874 1143 1935 ipso
1179 1875 1288 1920 iure
1314 1880 1606 1934 consumpta
1642 1888 1741 1921 non
1774 1878 1868 1926 est.
1915 1871 1998 1934 Cf.
2022 1872 2086 1925 L.
2111 1883 2137 1922 9
2159 1889 2245 1936 pr.
2285 1875 2352 1922 D.

422 1939 486 1988 de
520 1945 688 1989 novat.
727 1935 821 2004 (46,
857 1937 923 2002 2).
1028 1937 1068 2002 ⁸)
1107 1938 1198 1989 Ea:
1230 1937 1413 1991 Sched.
1447 1940 1676 1995 restitui,-
1717 1946 1937 1991 notatum
1969 1947 2083 1989 erat
2122 1930 2354 2009 piudium.

422 2007 558 2056 Puta
578 2007 694 2070 fere
717 2014 937 2057 secutum
958 2022 1098 2057 esse.-
1125 2009 1437 2073 ‘quaestioni
1452 2008 1649 2065 maiori,
1670 2024 1798 2072 quae
1817 2009 1888 2057 ad
1903 2012 2239 2059 centumviros
2265 2011 2354 2059 de-

418 2075 607 2137 fertur,
629 2091 729 2138 per
751 2077 1003 2139 minorem,
1030 2077 1094 2125 de
1119 2091 1219 2140 qua
1243 2076 1314 2125 ad
1336 2091 1481 2125 unum
1504 2075 1717 2124 iudicem
1740 2076 1924 2139 agitur.
1974 2073 2076 2139 (Cf.
2104 2077 2172 2128 L.
2198 2089 2246 2126 12
2268 2094 2355 2141 pr.

423 2142 481 2195 G.
508 2145 569 2192 de
595 2143 707 2193 her.
731 2149 839 2206 pet.
864 2154 908 2206 3,
932 2142 1022 2206 31.)
1073 2143 1145 2192 Et
1168 2145 1284 2194 olim
1309 2144 1519 2208 quidem,
1546 2144 1778 2208 quamdiu
1804 2159 1874 2193 ex
1895 2143 1992 2192 kae
2015 2158 2174 2193 eausa
2194 2160 2355 2208 prae—

422 2211 755 2271 scribebatur,
788 2212 947 2261 iudea,-
976 2213 1341 2274 principaliter
1372 2213 1436 2260 de
1468 2210 1562 2260 hoe
1595 2210 1945 2275 coynoscebat,
1978 2227 2044 2260 an
2078 2211 2359 2262 hereditati

420 2279 788 2338 praeiudicium
815 2280 992 2341 fieret,
1038 2280 1175 2342 quod
1203 2281 1251 2328 si
1282 2274 1742 2342 pronunciauerat,
1779 2279 2011 2328 iudicium
2045 2279 2108 2327 de
2142 2281 2358 2344 sinqulie

423 2343 574 2392 rebus
603 2346 782 2406 petitis
818 2347 999 2393 nullum
1032 2352 1170 2403 erat,
1207 2347 1422 2411 ideoque
1447 2353 1593 2395 actor
1617 2347 1768 2407 finita
1793 2347 1856 2396 de
1888 2347 2173 2395 hereditate
2197 2363 2357 2411 quae·

422 2412 603 2472 stione,
643 2413 805 2461 denuo
839 2427 928 2461 eas
961 2419 1140 2475 petere
1173 2420 1399 2476 poterat.
1450 2414 1597 2463 Nunc
1627 2428 1752 2462 uero
1788 2429 1895 2462 cum
1918 2416 1970 2462 in
2002 2415 2219 2477 speciem
2261 2430 2350 2464 ea:-

424 2480 673 2542 ceptionis
694 2479 821 2529 haec
843 2481 1189 2544 praescriptio
1223 2482 1445 2530 deducta
1468 2483 1552 2543 sit,
1592 2482 1691 2530 nisi
1713 2488 1859 2530 actor
1884 2481 2080 2531 obiecta
2104 2496 2168 2530 ea
2192 2484 2355 2532 actio·

426 2563 533 2596 nem
560 2548 788 2612 differat,
814 2564 921 2598 rem
942 2550 1133 2612 perdit,
1160 2551 1278 2613 quia
1301 2564 1420 2598 reus
1443 2549 1491 2598 si
1508 2550 1875 2611 praeiudicium
1892 2551 2013 2611 fieri
2037 2549 2352 2612 probauerit,

425 2615 704 2664 absoluitur
743 2622 794 2664 et
835 2618 1012 2665 iterum
1048 2618 1249 2679 petenti
1288 2618 1456 2666 actori
1496 2623 1643 2666 nocet
1682 2617 1917 2679 exceptio
1959 2619 2041 2665 rei
2079 2618 2354 2672 iudicatae,

428 2683 545 2734 134.
584 2682 848 2732 Interdum
882 2698 1006 2733 uero
1033 2685 1181 2732 etiam
1206 2685 1396 2733 nostris
1418 2682 1727 2746 temporibus
1756 2685 2106 2747 praescriptio
2132 2691 2233 2734 tam
2255 2702 2354 2750 pro

426 2755 603 2799 actore
629 2766 774 2814 quam
796 2767 898 2814 pro
922 2766 1014 2801 reo
1040 2752 1159 2799 dari
1181 2752 1428 2801 uidetur:'
1448 2753 1586 2816 quod
1610 2753 1812 2808 accidit,
1840 2767 1947 2800 cum
1971 2753 2035 2800 de
2061 2768 2120 2802 eo
2147 2755 2355 2818 apimuS,

427 2819 564 2882 quod
582 2833 761 2867 seruus
787 2820 908 2867 dari
935 2821 1209 2885 stipulatus
1242 2826 1336 2868 est.
1389 2819 1538 2868 Licet
1561 2820 1687 2868 enim
1713 2834 1772 2868 eo
1810 2821 2005 2868 nomine
2024 2823 2246 2882 perinde
2273 2838 2358 2872 no-

426 3003 700 3067 eondictio)
728 3020 797 3054 ea:
820 3006 1038 3068 speciali
1059 3021 1234 3057 causa.
1277 3006 1337 3054 L.
1363 3017 1427 3053 11.
1457 3002 1508 3067 S.
1536 3016 1574 3056 2.
1612 3005 1676 3052 D.
1705 3006 1766 3053 cle
1800 3019 1915 3055 exe.
1943 3006 2024 3053 rei
2045 3007 2148 3055 iud.
2179 3002 2265 3069 (44,
2292 3006 2356 3067 2).

427 3070 556 3119 Item
580 3074 627 3120 si
684 3074 772 3121 uid
802 3079 960 3122 extra
983 3074 1210 3123 ordinem
1243 3075 1456 3136 petitur.
1503 3073 1560 3120 L.
1588 3081 1638 3120 78
1657 3088 1745 3134 pr.
1782 3071 1848 3120 D.
1877 3073 1939 3121 de
1975 3075 2072 3135 leq.
2099 3083 2139 3122 2.
2192 3082 2237 3122 ut
2272 3089 2354 3136 po·

428 3145 526 3186 stea
552 3089 680 3202 eta?
705 3154 810 3186 cum
839 3140 981 3200 forte
1006 3141 1253 3203 convenit,
1282 3147 1335 3189 ut
1370 3146 1552 3205 postea
1577 3141 1887 3201 traderetur,
1922 3143 2002 3189 vel
2024 3156 2131 3189 cum
2156 3142 2359 3189 interim

427 3211 679 3255 intererat
710 3207 919 3264 actoris,
957 3223 1017 3255 ne
1049 3209 1255 3271 pignori
1286 3207 1533 3271 obliyaret
1566 3208 1816 3263 venditor,
1854 3210 1932 3257 vel
1966 3223 2028 3257 ne
2071 3209 2358 3257 creditores

428 3275 535 3323 eius
567 3274 951 3323 immitterentur
985 3282 1035 3323 et
1067 3276 1360 3324 venderent.
1410 3275 1520 3323 Nee
1552 3276 1605 3323 in
1637 3275 1880 3325 eiusmodi
1909 3275 2109 3324 casibus
2143 3274 2357 3324 nocebat

430 3345 667 3405 eoeceptio
703 3342 806 3390 titis
840 3342 1092 3391 dividuae.
1146 3342 1225 3403 Cf.
1262 3340 1316 3404 S.
1352 3352 1440 3391 123.
1579 3339 1632 3407 ἓ.
1671 3345 1784 3394 133.
1829 3342 1909 3405 Cf.
1948 3344 2018 3392 L.
2050 3355 2090 3391 1.
2126 3336 2180 3406 S.
2206 3354 2248 3391 1.
2288 3343 2358 3395 D.

426 3408 545 3467 fam.
582 3423 686 3460 erc.
723 3405 810 3470 (10,
837 3405 902 3474 2).
939 3411 1003 3462 L.
1034 3420 1099 3461 13.
1125 3419 1188 3461 16.
1219 3419 1283 3462 18.
1320 3411 1387 3461 D.
1425 3411 1487 3458 de
1523 3425 1637 3461 exc.
1674 3409 1759 3471 (44,
1788 3409 1848 3475 1).
1892 3411 1952 3460 L.
1986 3419 2055 3460 25.
2095 3404 2147 3475 ὃ.
2186 3421 2251 3459 17.
2291 3412 2357 3461 D.

430 3475 494 3521 de
531 3476 637 3524 her.
665 3483 769 3538 pet.
809 3471 871 3540 (5,
895 3472 959 3541 3).
997 3477 1061 3529 L.
1097 3488 1145 3526 12
1179 3493 1262 3542 pr.
1305 3477 1357 3527 C.
1394 3478 1510 3532 eod.
1546 3476 1607 3539 (8,
1631 3479 1722 3543 31).
1750 3505 1813 3513 -
1855 3478 1959 3528 Cic.
1999 3480 2061 3528 de
2097 3479 2195 3526 inv.
2222 3489 2264 3537 2,
2290 3489 2359 3529 20.

432 3536 523 3599 SS.
549 3551 616 3591 59.
649 3552 715 3590 60.
756 3542 819 3592 L.
846 3554 887 3592 7.
923 3542 974 3606 S.
1003 3558 1043 3596 1.
1082 3546 1147 3597 D.
1186 3547 1246 3594 de
1284 3548 1433 3595 iniur.
1466 3541 1552 3609 (47,
1591 3543 1674 3609 10).
1715 3548 1777 3596 L.
1815 3556 1856 3595 2.
1890 3544 1943 3609 S.
1982 3559 2019 3597 1.
2062 3546 2127 3597 D.
2164 3549 2214 3595 vi
2245 3546 2359 3597 bon.

430 3612 568 3666 ’'⁰1²²-
597 3603 680 3670 (47,
706 3606 766 3669 8).
807 3611 965 3678 supra]
994 3609 1047 3675 S.
1077 3623 1167 3663 130.
