2546 3928
440 816 521 872 De
569 816 729 872 Gaio
776 800 1070 889 eiusque
1117 817 1409 890 scriptis
1456 816 1875 874 dissertatio
1922 821 2214 891 praevia.

470 964 658 1014 Pauca
685 968 826 1026 sunt,
866 979 1006 1028 quae
1045 963 1111 1013 de
1139 962 1279 1014 Gaio
1319 968 1469 1013 certo
1507 969 1785 1017 constant.
1846 965 2025 1014 Unum
2052 965 2171 1015 eius
2198 966 2300 1015 hoc

366 1047 566 1080 nomen
592 1031 747 1080 nobis
773 1031 1035 1080 traditum
1073 1036 1173 1093 est,
1212 1038 1327 1080 tam
1363 1033 1421 1080 in
1462 1032 1617 1082 libris
1654 1032 1805 1091 iuris,
1842 1032 1936 1081 ubi
1974 1033 2203 1096 primum
2241 1033 2297 1082 in

370 1098 677 1148 Collatione
726 1102 876 1147 certo
925 1096 1264 1163 comparet,¹
1322 1114 1481 1163 quam
1537 1115 1570 1149 a
1625 1099 2015 1163 grammaticis,
2072 1115 2297 1164 quorum

366 1167 574 1230 primus
610 1165 904 1215 Diomedes
942 1164 1050 1229 (ed.
1080 1166 1302 1216 Putsch.
1333 1183 1384 1230 p.
1413 1168 1530 1217 375.
1569 1166 1713 1216 Keil.
1740 1167 1780 1218 Ι.
1810 1183 1860 1230 p.
1886 1164 2028 1230 379),
2069 1169 2117 1217 si
2141 1168 2296 1217 modo

314 1248 317 1249 ⁷
369 1233 510 1296 quod
537 1232 799 1282 traditum
836 1233 914 1282 ibi
952 1239 1036 1283 est
1072 1232 1128 1282 in
1157 1233 1314 1282 libris
1342 1249 1470 1285 mSS.
1508 1233 1784 1283 ‘Canium’
1824 1234 1895 1282 ad
1921 1232 2117 1289 Gaium
2145 1240 2295 1284 recte

369 1300 624 1360 refertur,
668 1306 722 1350 et
758 1299 922 1364 paulo
958 1300 1188 1350 inferior
1223 1302 1412 1350 seculo
1451 1301 1567 1350 fere
1605 1302 1827 1351 ineunte
1856 1303 2048 1364 quinto
2076 1302 2298 1352 Servius

367 1368 685 1417 Honoratus
723 1366 791 1416 ad
818 1367 1010 1432 virgil.
1048 1365 1248 1433 Georg.
1286 1371 1333 1430 3,
1368 1370 1483 1418 306.
1512 1369 1710 1419 Gaium
1745 1373 2070 1418 memorant:
2109 1385 2296 1419 omnes

367 1450 497 1484 vero
523 1433 625 1484 hoc
651 1434 770 1483 sine
798 1435 964 1484 dubio
1004 1451 1037 1485 a
1072 1435 1485 1486 iurisconsultis
1522 1435 1613 1486 vel
1651 1451 1684 1485 a
1722 1435 1851 1485 Gaii
1875 1435 2132 1484 librorum
2170 1438 2298 1485 titu-

366 1501 453 1563 lis,
494 1503 551 1550 in
578 1502 778 1564 quibus
804 1501 1006 1552 dudum
1041 1518 1205 1552 unum
1231 1502 1334 1553 hoc
1357 1518 1573 1565 nomen,
1610 1509 1671 1552 ut
1707 1506 1764 1552 in
1799 1503 1958 1552 libris
1996 1504 2299 1553 tritissimis
2365 1530 2369 1534 ·

369 1569 488 1619 fieri
532 1568 689 1630 solet,
747 1571 919 1620 scribi
966 1576 1241 1633 sueverat,
1297 1571 1535 1621 mutuati
1584 1575 1728 1620 sunt.
1809 1570 1875 1620 Id
1920 1570 2098 1635 ipsum
2147 1587 2297 1634 vero,

369 1637 619 1700 quamvis
647 1638 818 1686 etiam
854 1639 911 1687 in
945 1653 1140 1687 nomen
1168 1639 1370 1687 abierit
1407 1638 1637 1700 (Osann.
1664 1638 1734 1687 ad
1759 1639 2021 1701 Pompon.
2051 1655 2100 1701 p.
2129 1638 2296 1701 XIX),

368 1705 576 1754 rectius
624 1709 810 1753 tamen
858 1704 1098 1755 creditur
1142 1719 1492 1768 praenomen.
1576 1705 1740 1754 Certe
1787 1705 1902 1752 Titi
1949 1719 2299 1767 praenomen,

369 1771 514 1834 quod
552 1773 609 1819 in
643 1786 752 1820 uno
779 1771 1026 1821 alterove
1055 1775 1328 1836 epitomae
1356 1771 1733 1836 Visigothicae
1761 1769 1949 1820 codice
1978 1770 2115 1820 Gaio
2142 1784 2301 1834 prae·

369 1840 639 1903 scriptum
660 1838 869 1904 legitur
897 1838 1133 1901 indeque
1154 1853 1343 1888 verum
1370 1839 1489 1889 eius
1525 1853 1857 1901 praenomen
1885 1838 2054 1887 fuisse
2081 1837 2299 1902 quibus-

370 1905 492 1955 dam
536 1907 713 1956 visum
763 1912 868 1969 est,
916 1911 1042 1972 post
1086 1904 1287 1955 multos
1333 1906 1402 1954 ab
1442 1905 1717 1955 Haenelio
1748 1907 2046 1971 ‘inspectos
2083 1905 2301 1956 codices

369 1974 686 2039 corruptela
721 1975 874 2024 vocis
910 1975 1042 2023 tituli
1078 1974 1355 2038 apparuit.
1422 1972 1529 2037 (Cf.
1570 1973 1799 2026 Haenel.
1839 1975 1957 2023 Lex
1993 1974 2143 2024 Rom.
2181 1977 2296 2025 Vis.

367 2058 418 2107 p.
457 2041 622 2091 XLV.
660 2046 771 2091 not.
813 2044 892 2091 16.
931 2057 982 2105 p.
1023 2041 1165 2099 314.)
1240 2042 1325 2089 De
1364 2046 1552 2091 aetate
1592 2041 1720 2091 Gaii
1764 2040 1868 2091 hoc
1905 2045 2117 2090 tantum
2156 2057 2299 2091 com·

366 2114 579 2174 pertum
617 2113 717 2171 est,
757 2108 899 2171 quod
935 2109 1034 2157 sub
1070 2108 1493 2172 imperatoribus
1531 2108 1835 2171 Hadriano,
1883 2108 2159 2158 Antonino
2197 2110 2297 2159 Pio

367 2182 423 2226 et
467 2178 542 2226 M.
592 2175 809 2225 Aurelio
855 2175 1133 2225 Antonino
1178 2176 1352 2225 vitam
1395 2191 1548 2225 suam
1595 2178 1884 2241 transegit.
1971 2176 2109 2224 Nam
2158 2177 2299 2240 quod

364 2243 643 2293 Hadriani
688 2243 1028 2307 temporibus
1075 2242 1376 2305 acciderat,
1432 2243 1489 2292 id
1544 2244 1664 2308 ipse
1714 2258 1813 2293 sua
1858 2246 2041 2292 aetate
2087 2243 2299 2293 factum

368 2326 489 2362 esse
527 2315 717 2360 narrat
763 2310 827 2362 L.
864 2314 913 2360 7.
951 2326 1030 2374 pr.
1068 2311 1137 2360 D.
1177 2310 1244 2359 de
1283 2310 1397 2359 reb.
1439 2312 1571 2361 dub.
1608 2309 1710 2374 (34,
1747 2310 1819 2374 5).
1889 2310 2298 2360 Institutionum

368 2379 816 2459 cpmmentarium
855 2378 1086 2443 primum
1132 2382 1189 2427 et
1225 2378 1427 2441 partim
1466 2378 1762 2428 secundum
1799 2378 2106 2442 imperante
2132 2380 2299 2428 Anto-

366 2462 497 2496 nino
521 2446 622 2496 Pio
664 2460 784 2495 eum
822 2446 1134 2509 scripsisse,
1173 2445 1422 2509 plerique
1458 2445 1587 2494 inde
1625 2452 1777 2495 recte
1816 2443 2121 2509 colligunt,²
2158 2446 2302 2509 quod

367 2517 689 2564 constanter
711 2513 792 2562 ibi
818 2512 889 2576 (1,
918 2516 1000 2565 53.
1027 2514 1108 2563 74.
1142 2515 1250 2563 102.
1288 2514 1339 2575 2,
1370 2515 1484 2564 126.
1513 2515 1626 2565 151.
1668 2512 1739 2561 ad
1765 2517 2092 2578 postremum
2121 2512 2300 2563 locum

366 2597 512 2630 nunc
550 2581 885 2630 conferenda
921 2581 984 2629 L.
1025 2583 1072 2631 3.
1122 2580 1187 2629 D.
1227 2579 1295 2630 de
1331 2580 1419 2630 his
1457 2595 1596 2645 quae
1636 2581 1695 2628 in
1731 2584 1951 2629 testam.
1978 2581 2061 2641 28,
2086 2578 2139 2643 4)
2179 2581 2300 2629 sine

367 2648 484 2698 divi
536 2648 1052 2698 commemoratione
1107 2663 1229 2697 eum
1285 2649 1548 2709 nominat,
1606 2663 1766 2712 quam
1821 2647 1965 2698 alias
2020 2647 2300 2698 defunctis

367 2714 789 2779 imperatoribus
851 2715 1094 2764 tribuere
1159 2714 1317 2764 solet.
1417 2715 1514 2766 sed
1578 2720 1635 2765 et
1698 2715 1959 2764 extremis
2013 2715 2100 2764 Pii
2163 2720 2303 2765 tem·

370 2783 592 2848 poribus
632 2782 923 2846 scripsisse
960 2781 1209 2843 videtur3
1252 2798 1379 2831 nam
1415 2786 1465 2843 2,
1506 2784 1618 2836 195.
1658 2797 1778 2831 eum
1816 2782 1998 2833 divum
2036 2782 2300 2846 appellat.

367 2851 480 2901 Nec
537 2849 681 2913 quod
734 2849 809 2902 M.
857 2848 1163 2899 Antoninus
1221 2850 1279 2898 in
1338 2866 1396 2899 re
1452 2849 1677 2900 tutelari
1730 2850 1795 2898 de
1850 2848 1974 2913 lege
2019 2850 2303 2900 Plaetoria

371 2922 427 2968 et
472 2922 727 2982 praetore
776 2916 1001 2965 tutelari
1038 2917 1095 2965 in
1139 2916 1323 2966 locum
1368 2916 1647 2967 consulum
1694 2917 1993 2966 substituto
2039 2916 2304 2981 (Capitol.

369 2987 540 3035 Marc.
581 2988 662 3038 10.
700 2983 822 3034 coll.
862 2999 982 3033 cum
1022 2987 1066 3045 1,
1110 2986 1220 3035 198.
1259 2982 1409 3049 200.)
1456 3000 1559 3034 nec
1598 2984 1741 3047 quod
1779 2984 1845 3033 de
1893 2986 2135 3034 cretione
2176 3000 2307 3035 con·
2333 2990 2424 3058 [83]

370 3054 634 3103 stituerat
679 3050 836 3116 (Ulp.
883 3054 965 3110 22,
1001 3054 1083 3102 34.
1133 3051 1256 3101 coll.
1309 3067 1429 3101 cum
1477 3054 1525 3113 2,
1570 3052 1726 3115 177.),
1782 3055 1838 3101 in
1874 3050 2004 3101 Gaii
2049 3051 2303 3101 notitiam

370 3125 715 3185 pervenerat,
753 3134 875 3168 cum
899 3118 1059 3168 finem
1087 3119 1248 3184 primi
1287 3123 1343 3167 et
1379 3134 1500 3168 cum
1529 3118 1825 3169 secundum
1851 3119 2305 3168 commentarium

510 3270 547 3335 ¹)
585 3274 651 3322 An
680 3273 806 3320 enim
832 3273 990 3327 Gaius,
1026 3286 1164 3334 quem
1189 3272 1473 3334 Pomponius
1509 3279 1720 3320 nostrum
1745 3272 1950 3335 appellat
1976 3272 2025 3322 L.
2052 3280 2119 3322 30.
2160 3273 2213 3322 D.
2243 3273 2304 3321 de

368 3344 480 3405 stip.
508 3356 630 3389 serv.
658 3335 756 3404 (45,
780 3337 871 3402 3.),
898 3340 957 3388 ad
984 3340 1110 3389 hunc
1136 3339 1410 3389 referendus
1435 3340 1511 3396 sit,
1538 3339 1805 3400 ambigitur.
1843 3338 1944 3387 vid.
1971 3355 2015 3401 p.
2041 3348 2129 3388 151.
2146 3348 2245 3391 not.
2263 3352 2302 3389 1.

368 3408 412 3473 2)
453 3409 597 3459 Marci
623 3408 913 3471 temporibus
934 3409 1076 3457 etiam
1097 3408 1299 3471 primum
1320 3421 1489 3457 comm.
1516 3409 1723 3467 assignat
1748 3407 1921 3455 Puchta
1948 3407 2059 3455 lust.
2090 3407 2124 3457 1.
2152 3403 2206 3468 S.
2235 3418 2304 3464 99.

370 3486 465 3526 not.
494 3477 574 3528 bb.
615 3484 659 3526 et
684 3477 953 3541 nuperrime
988 3477 1044 3530 H.
1073 3476 1129 3526 H.
1159 3477 1333 3537 Fiuing
1367 3476 1494 3525 Alter
1522 3476 1567 3527 d.
1594 3476 1835 3525 Schriften
1861 3476 1907 3528 d.
1934 3476 2065 3523 Rom.
2092 3476 2304 3525 Juristen

367 3562 415 3609 p.
444 3556 509 3596 21.
