2546 3928
880 150 996 231 §An
1035 198 1228 233 msm'r.
1267 183 1337 232 ΙΙ.
1374 185 1606 237 69-76.
2124 185 2200 239 81

275 321 438 390 libus,
482 338 616 394 quae
658 338 720 376 ex
761 322 1153 377 consuetudine
1196 323 1341 378 abire
1384 333 1437 378 et
1467 323 1644 377 redire
1674 323 1873 394 solent,
1919 324 2087 379 ueluti
2118 341 2207 379 co-

277 405 476 461 lumbis
509 415 562 460 et
594 406 804 479 apibuS,
835 407 960 459 item
996 408 1193 477 ceruiS,
1227 409 1397 479 quiin
1418 407 1586 462 siluas
1615 409 1694 461 ire
1726 417 1780 463 et
1804 410 1977 463 redire
2005 409 2204 478 solent,

281 490 441 544 talem
496 490 751 545 habemus
807 490 1050 562 regulam
1096 491 1363 562 traditam,
1423 499 1484 546 ut
1525 492 1571 546 si
1623 491 1930 551 reuertendi
1976 494 2206 547 animum

279 573 478 628 habere
510 576 789 643 desierint,
834 575 990 628 etiam
1036 585 1221 630 nostra
1265 592 1384 631 esse
1416 576 1664 630 desinant
1695 583 1749 630 et
1781 573 1913 631 fiant
1944 592 2211 648 occupan-

285 660 444 712 tium:
496 659 808 713 reuertendi
863 669 1045 714 autem
1095 661 1329 714 animum
1392 660 1645 723 uidentur
1695 659 1942 715 desinere
1994 660 2208 731 habere,

277 759 398 798 cum
444 742 750 798 reuertendi
782 743 1227 799 consuetudinem
1260 744 1617 799 deseruerint.
1716 739 1813 799 69.
1858 743 1931 799 Ε3
1974 761 2208 816 quoque,

282 843 417 898 quae
450 843 511 881 ex
543 825 792 882 hostibus
830 829 1134 899 capiuntur,
1166 829 1398 884 naturali
1428 830 1639 883 ratione
1669 838 1856 884 nostra
1887 828 2040 883 fiunt.

405 907 502 967 70.
549 910 654 967 Sed
687 920 741 965 et
772 911 844 982 id,
878 912 1023 984 quod
1054 929 1151 984 per
1182 912 1510 968 alluuiouem
1542 912 1697 968 nobis
1730 913 1975 982 adicitur,
2021 912 2211 968 eodem

277 999 396 1061 iure
428 1004 673 1051 nostrum
709 993 799 1050 fit:
841 1012 939 1069 per
969 996 1296 1052 alluuionein
1329 1007 1507 1053 autem
1539 999 1599 1052 id
1627 997 1840 1052 uidetur
1869 997 2019 1061 adici,
2067 996 2211 1070 quod

278 1084 350 1136 ita
383 1081 638 1153 paulatim
670 1079 870 1136 flumen
902 1097 1033 1153 agro
1065 1089 1256 1136 nostro
1291 1082 1480 1154 adicit,
1528 1091 1584 1137 ut
1624 1083 1904 1138 aestimare
1944 1099 2057 1137 non
2089 1098 2213 1154 pos-

280 1166 468 1234 simUS,
505 1174 766 1237 quantum
792 1181 1014 1237 quoquo
1039 1177 1314 1221 momento
1344 1168 1601 1240 temporis
1633 1167 1920 1222 adiciatur:
1957 1161 2074 1239 (εἰ)1
2115 1167 2218 1220 hoc

142 1250 264 1319 [161]
290 1259 394 1320 est,
441 1249 587 1322 quod
623 1249 786 1319 uolgo
818 1249 1035 1319 dicitur,
1079 1268 1175 1322 per
1214 1249 1542 1306 alluuionem
1585 1251 1634 1305 id
1669 1250 1801 1305 adici
1834 1251 2027 1319 uideri,
2071 1250 2216 1322 quod

280 1335 355 1388 ita
397 1333 654 1406 paulatim
698 1334 944 1405 adicitur,
990 1343 1050 1388 ut
1098 1335 1287 1389 oculos
1333 1344 1552 1389 nostros
1596 1334 1765 1389 fallat.
1863 1329 1950 1388 71.
2008 1329 2215 1398 Quodsi

281 1417 486 1473 flumen
511 1428 718 1490 partem
746 1417 980 1489 aliquam
1012 1435 1074 1471 ex
1100 1425 1195 1472 tuo
1223 1418 1445 1489 praedio
1479 1415 1841 1490 de(traoee)rit
1868 1425 1923 1472 et
1946 1417 2007 1472 ad
2040 1434 2216 1473 meum

282 1502 562 1574 praedium
596 1500 870 1570 attulerit,
903 1501 1033 1555 haec
1065 1517 1187 1573 pars
1220 1509 1316 1555 tua
1346 1494 1560 1575 maknet.
1640 1497 1730 1555 72.
1781 1503 1848 1555 At
1882 1502 1926 1554 si
1960 1503 2010 1555 in
2044 1501 2218 1555 medio
2239 1517 2319 1566 71,

284 1585 511 1639 flumine
542 1584 714 1639 insula
740 1592 859 1638 nata
890 1585 980 1654 sit,
1013 1584 1144 1639 haec
1175 1601 1361 1639 eorum
1395 1586 1629 1638 omnium
1663 1585 1966 1640 communis=
1995 1580 2099 1655 est',
2133 1586 2219 1656 qui

281 1668 351 1723 ab
398 1677 624 1740 utraque
666 1676 822 1740 parte
864 1666 1099 1723 fluminis
1141 1685 1312 1742 prope
1354 1671 1526 1742 ripam
1567 1669 1780 1741 praedia
1820 1668 2129 1742 possident3
2177 1671 2220 1724 si

281 1769 422 1808 uero
455 1769 562 1807 non
597 1754 670 1807 sit
697 1754 755 1808 in
781 1752 955 1807 medio
980 1751 1219 1823 flumine,
1252 1753 1315 1808 ad
1349 1770 1442 1808 eos
1473 1755 1729 1826 pertinet,
1763 1755 1852 1828 qui
1882 1753 1944 1808 ab
1969 1771 2026 1809 ea
2048 1764 2219 1828 parte,

283 1854 427 1910 quae
459 1841 699 1910 proxima
733 1844 836 1908 est,
869 1839 1016 1892 iuxta
1047 1839 1215 1911 ripam
1249 1837 1461 1911 praedia
1497 1837 1709 1894 habent.
1800 1835 1892 1895 73.
1939 1839 2219 1894 Praeterea

283 1922 358 1994 id,
407 1921 550 1996 quod
583 1924 636 1977 in
667 1921 787 1978 solo
821 1931 1010 1978 nostro
1042 1921 1104 1977 ab
1137 1923 1317 1997 aliquo
1349 1921 1687 1979 aedificatum
1720 1933 1823 1996 est,
1859 1926 2102 1998 quamuis
2132 1923 2221 1978 ille

285 2025 388 2062 suo
422 2010 638 2063 nomine
662 2005 1045 2078 aedificauerit,
1077 2010 1195 2062 iure
1226 2007 1460 2062 naturali
1487 2017 1735 2062 nostrum
1761 2010 1841 2077 fit,
1880 2010 2003 2079 quia
2035 2024 2223 2078 super-

281 2090 430 2147 ficies
464 2092 586 2147 solo
619 2091 776 2146 cedit.
881 2086 975 2146 74.
1026 2091 1308 2163 Multoque
1340 2093 1513 2164 magis
1544 2091 1597 2146 id
1629 2092 1819 2146 accidit
1852 2098 1907 2145 et
1937 2092 1988 2144 in
2023 2091 2219 2163 planta,

280 2194 442 2251 quam
486 2178 605 2249 quis
650 2177 703 2230 in
748 2176 868 2230 solo
916 2186 1106 2230 nostro
1139 2178 1407 2248 posuerit,
1452 2176 1496 2230 si
1529 2176 1689 2230 modo
1728 2174 1995 2229 radicibus
2030 2185 2221 2229 terram

279 2261 561 2335 complexa
594 2260 777 2315 suerit.
870 2255 960 2317 75.
1008 2259 1149 2314 Idem
1185 2262 1453 2333 contingit
1487 2269 1538 2315 et
1571 2264 1625 2315 in
1651 2259 1961 2332 frumento,
1997 2258 2142 2333 quod
2172 2261 2223 2314 in

282 2345 403 2401 solo
436 2354 627 2401 nostro
661 2343 724 2399 ab
758 2344 938 2417 aliquo
964 2355 1140 2399 satum
1174 2346 1355 2400 suerit.
1432 2340 1524 2400 76.
1575 2344 1677 2399 Sed
1710 2346 1753 2399 si
1787 2343 1849 2399 ab
1884 2362 1949 2399 eo
1980 2354 2225 2417 petamus

281 2431 514 2487 fundum
537 2430 628 2496 uel
655 2426 974 2499 aedificium,
999 2438 1053 2484 et
1076 2431 1330 2502 inpensas
1355 2431 1407 2483 in
1431 2427 1725 2483 aedificium
1755 2427 1840 2481 uel
1862 2429 1915 2482 in
1943 2430 2223 2481 seminaria

279 2515 366 2569 uel
396 2517 450 2570 in
476 2522 770 2568 sementem
799 2512 964 2569 factas
991 2515 1039 2567 ei
1063 2514 1282 2567 soluere
1306 2512 1562 2583 nolimuS,
1603 2514 1805 2582 poterit
1828 2527 1930 2564 nos
1956 2526 2053 2582 per
2078 2527 2229 2564 exce-

293 2723 447 2779 pto-te
476 2723 664 2763 tantum
690 2721 739 2762 et
761 2714 1054 2775 posteriore
1084 2712 1281 2775 quidem
1310 2712 1554 2772 upodosis
1578 2707 1869 2772 subiectum)
1896 2718 1972 2758 est
1996 2714 2227 2759 intolera.

295 2785 409 2831 bile.
458 2783 567 2831 Sed
600 2781 844 2830 librarius
883 2783 1024 2828 im'tio
1063 2778 1291 2827 scribere
1321 2781 1469 2826 voluit
1502 2781 1782 2842 reciperatio
1820 2784 1890 2837 (ul
1920 2782 1968 2826 in
1990 2786 2078 2838 sae.
2109 2776 2156 2838 3.
2188 2787 2238 2824 18

292 2853 523 2900 desierint
542 2849 811 2898 scribendo
836 2843 1191 2908 desieruerint)‚
1220 2862 1348 2910 quae
1369 2849 1534 2895 altera
1552 2848 1699 2895 lectio
1720 2852 1769 2894 et
1790 2846 2016 2906 fortasse
2042 2851 2234 2893 rectior

289 2919 381 2978 (ef.
427 2919 490 2966 L.
529 2928 595 2970 44.
641 2918 707 2966 D.
736 2917 799 2964 de
836 2932 945 2979 aeq.
982 2930 1086 2963 rer.
1124 2917 1254 2964 dom.
1280 2914 1416 2976 41,1)
1449 2916 1612 2975 fuerit
1645 2914 1822 2972 codici,
1861 2928 1956 2976 quo
1982 2912 2229 2973 utebatur,

290 2988 576 3048 adscripta.
654 2981 698 3048 ¹)
738 2985 951 3033 Addidi.

423 3134 479 3203 ς.
503 3139 588 3187 69.
626 3136 705 3196 cf.
732 3137 795 3185 L.
821 3147 862 3185 5.
892 3135 944 3199 g.
972 3146 1010 3187 τ.
1052 3137 1115 3185 D.
1142 3136 1253 3184 eod.
1284 3133 1341 3196 3.
1368 3145 1430 3183 17.
1471 3135 1518 3185 J.
1547 3136 1621 3183 tit.
1649 3137 1730 3186 eit.
1801 3130 1854 3200 ξ.
1879 3136 1957 3185 70.
1998 3135 2077 3191 cf.
2103 3136 2167 3185 L.
2191 3144 2228 3182 τ.

292 3204 343 3267 S.
375 3216 413 3254 1.
456 3207 523 3256 D.
554 3207 632 3253 tit.
656 3207 743 3254 cic.
773 3204 825 3267 §-
854 3214 920 3253 20.
961 3203 1006 3251 I.
1035 3209 1112 3251 tit.
1144 3206 1227 3253 eit.
1323 3198 1374 3266 ᾗ.
1405 3204 1484 3254 71.
1527 3203 1605 3261 Cf.
1635 3203 1697 3250 L.
1726 3213 1765 3255 7.
1874 3213 1912 3254 2.
1952 3203 2015 3250 D.
2043 3209 2117 3250 tet.
2144 3204 2228 3248 cit.

291 3272 341 3335 §-
367 3283 438 3325 21.
466 3273 514 3324 I.
541 3276 620 3321 tit.
646 3275 735 3323 cit.
840 3268 893 3337 ξ.
920 3274 1000 3320 72.
1040 3271 1118 3331 Cf.
1146 3271 1210 3318 L.
1240 3279 1279 3317 τ.
1317 3269 1368 3331 §-
1397 3280 1438 3318 3.
1478 3270 1543 3317 D.
1573 3271 1647 3321 tit.
1676 3273 1760 3322 eit.
1837 3312 1847 3322 .
1873 3281 1940 3319 22.
1968 3270 2014 3317 I.
2044 3274 2118 3317 tit.
2147 3269 2227 3317 eit.

288 3337 337 3405 ξ.
370 3343 449 3393 73.
496 3340 570 3400 Cf.
612 3340 675 3387 L.
714 3351 753 3388 7.
793 3337 933 3402 312.
985 3340 1047 3387 D.
1088 3344 1162 3387 tot.
1197 3340 1282 3385 cit.
1323 3337 1380 3400 3.
1407 3348 1473 3386 30.
1514 3337 1561 3387 I.
1589 3339 1667 3385 tit.
1695 3341 1776 3385 cit.
1806 3338 1948 3398 Epit.
1975 3347 2015 3392 2,
2046 3352 2086 3383 1.
2115 3334 2167 3396 3.
2193 3346 2232 3381 4.

307 3408 339 3456 ·.
368 3410 448 3458 74.
489 3407 572 3466 Cf.
602 3407 664 3459 L.
694 3419 735 3457 7.
767 3406 821 3470 3.
849 3419 913 3457 13.
940 3409 1005 3455 D.
1029 3409 1106 3454 tit.
1129 3406 1212 3453 cit.
1246 3401 1426 3467 3313.
1451 3416 1514 3453 31.
1554 3404 1601 3451 J.
1624 3407 1700 3451 tit.
1721 3407 1805 3451 cit.
1831 3403 2034 3464 Epit.2,
2058 3414 2096 3449 1.
2162 3412 2234 3466 :4-

288 3406 342 3541 ἓ.
376 3477 454 3525 75.
499 3476 579 3537 Cf.
617 3476 679 3523 L.
718 3487 742 3524 9
776 3492 858 3539 pr.
898 3476 960 3526 D.
992 3477 1067 3522 tic.
1096 3476 1182 3522 cit.
1212 3470 1263 3535 3.
1295 3483 1361 3521 32.
1406 3472 1452 3523 Ι.
1479 3477 1558 3520 tit.
1583 3474 1666 3518 eit.
1696 3470 1835 3530 Epic.
1865 3473 1895 3516 Ι.
1921 3483 1965 3514 e.
2073 3464 2124 3531 §.
2151 3468 2233 3516 76.

292 3544 369 3603 Cf.
392 3543 537 3605 Epit.
560 3553 603 3602 2,
625 3554 662 3590 1.
688 3542 740 3604 3.
762 3554 799 3591 6.
823 3544 885 3591 L.
911 3553 947 3593 7.
974 3536 1024 3606 3.
1047 3552 1110 3589 12.
1144 3541 1204 3587 L.
1227 3552 1251 3589 9
1270 3555 1354 3602 pr.
1389 3540 1451 3586 D.
1476 3540 1551 3584 tit.
1577 3539 1663 3585 eit.
1687 3532 1780 3598 33.
1801 3545 1865 3581 30.
1887 3544 1952 3581 32.
1984 3532 2032 3584 J.
2055 3537 2128 3581 tit.
2152 3536 2234 3583 eit.

386 3634 549 3672 Gnvs.
1203 3645 1211 3652 ·
1795 3617 1823 3661 6
