2546 3928
864 276 978 311 ΟΜ]
1020 276 1210 312 INSTIT.
1250 261 1319 309 ΙΙ.
1359 263 1593 312 25—27.
2110 262 2186 318 73

239 419 419 460 HVNO
464 416 589 458 EGO
631 417 921 458 HOMINEM
960 419 1039 456 Ex
1081 417 1228 457 IVRE
1273 415 1603 463 Qv1R1'r1vm
1644 417 1818 457 MEVM
1861 416 2014 458 ESSE
2045 417 2183 476 Alo,

244 487 448 541 deinde
473 494 760 559 postquam
785 485 872 541 hic
896 484 1268 553 uindicauerit,
1299 492 1548 555 praetor
1581 487 1897 558 interrogat
1922 501 2065 557 eum,
2098 489 2187 559 qui

245 570 426 640 cedit,
459 587 522 625 an
555 579 743 626 contra
757 569 1042 636 -uindicet3
1076 585 1183 640 quo
1209 576 1446 641 negante
1470 577 1561 624 aut
1595 576 1805 624 tacente
1839 577 1967 624 tune
1998 572 2062 639 ei,
2100 573 2187 643 qui

244 654 631 724 u3ndicauerit,
666 670 780 710 eam
814 669 923 708 rem
958 653 1185 720 addicit3
1229 652 1392 725 idque
1425 653 1559 725 legis
1593 655 1730 708 actio
1764 662 2011 724 uocatur,
2057 671 2189 727 quae

245 737 373 794 fieri
419 747 600 810 potest
643 740 800 794 etiam
843 739 898 792 in
941 736 1240 809 prouinciis
1273 738 1425 807 apud
1452 738 1755 808 praesides
1789 754 2001 793 earum.
2093 736 2187 794 25,

244 825 597 896 Plerumque
652 831 829 878 tamen
887 830 940 877 et
993 820 1107 877 sere
1151 838 1363 894 semper
1419 823 1903 894 mancipationihus
1947 824 2188 877 utimur:

247 906 405 979 quod
458 909 596 962 enim
651 907 756 980 ipsi
807 922 906 978 per
957 923 1057 961 nos
1111 905 1487 978 praesentibus
1536 907 1714 962 amicis
1776 923 1937 980 agere
1999 923 2191 981 possu-

246 1008 394 1052 mus,
427 991 530 1047 hoc
572 1009 680 1048 non
728 998 812 1047 est
852 1007 1079 1046 necesse
1122 1007 1240 1046 cum
1275 991 1474 1046 maiore
1512 989 1831 1046 difficultate
1864 993 2009 1064 apud
2039 1007 2192 1064 prae-

244 1086 431 1131 torem
477 1083 569 1130 aut
611 1076 756 1148 apud
795 1075 1093 1147 praesidem
1126 1076 1439 1148 prouinciae
1482 1077 1792 1149 ’quaerere
1881 1071 1979 1136 26.
2029 1075 2195 1143 Quod

244 1152 327 1216 si¹
378 1175 553 1232 neque
596 1161 914 1232 mancipata,
966 1176 1142 1232 neque
1183 1161 1237 1214 iu
1284 1161 1397 1215 iure
1439 1177 1587 1216 cessa
1632 1162 1701 1215 sit
1744 1178 1830 1216 res
1876 1164 2114 1231 mancipi
2126 1153 2186 1235 21

1190 1363 1211 1366 »
1240 1362 1257 1365 e
1323 1363 1376 1366 M
1469 1363 1518 1365 ᾖ*
1582 1347 1628 1380 v.
1655 1333 1705 1384 1.
1803 1362 2002 1366 -..wne
2041 1361 2187 1366 Q—
2203 1319 2296 1392 6'1,'

592 1413 1173 1475 'comlmunicationem
1191 1406 1213 1445 3
1238 1444 1319 1450 —
1350 1443 1421 1450 —-
1451 1443 1531 1452 —-
1558 1443 1638 1451 --
1663 1416 1770 1477 -1
1796 1444 1978 1449 *2⁷4
2209 1397 2241 1432 t·
2264 1404 2297 1432 ⁸·

68 1505 222 1564 [153]
248 1528 487 1533 -ψμψψ-
508 1529 565 1532 Μ
583 1513 665 1549 vv.
685 1496 720 1551 3
737 1495 889 1550 ——5.
908 1526 1055 1531 —w-
1391 1500 1398 1558 ἱ
1427 1491 1547 1550 26⁸.
1577 1538 1587 1550 .
1612 1537 1623 1549 .
1645 1496 1927 1567 ¹praedium
1961 1498 2191 1552 'nullum

239 1591 658 1650 possessorum
687 1581 1009 1648 proprium,
1055 1580 1157 1633 sed
1178 1593 1249 1633 ne
1275 1579 1504 1649 quifldem
1533 1579 1639 1632 ulla
1664 1578 1829 1632 libera
1855 1580 2058 1635 cizu'tas
2091 1590 2189 1636 est.

240 1658 350 1720 27.
402 1663 723 1734 Praeterea
767 1664 877 1717 hoc
905 1655 1073 1718 loc-04
1118 1663 1461 1727 admolnendi
1505 1680 1714 1732 sumuS,
1759 1663 1945 1719 'etiam
1978 1679 2191 1720 nexum

400 1841 436 1903 ¹)
474 1844 606 1893 Puto
625 1844 818 1905 fuisse:
845 1858 1052 1906 quacun.
1081 1846 1173 1908 qsi.
1205 1848 1481 1908 ‘quaerere
1525 1845 1624 1906 (At
1647 1844 1713 1908 si)
1734 1849 1747 1874 ²
1785 1847 1900 1895 edd.
1974 1845 2016 1909 ²)
2057 1847 2190 1895 Puta

243 1916 475 1963 secutum
501 1926 612 1960 esse
648 1912 764 1960 ‘sed
784 1917 974 1960 tantum
1000 1913 1232 1961 tradita'.
1281 1911 1527 1977 Suspicor
1550 1915 1694 1975 enim,
1731 1915 1782 1962 in
1806 1914 1901 1962 Izac
1926 1916 2117 1978 payina
2141 1922 2192 1962 et

238 1981 421 2045 prima
442 1986 597 2043 parte
625 1981 882 2044 sequentis
911 1982 1084 2031 Gaium
1101 1979 1314 2044 primum
1335 1983 1548 2041 dixisse,
1575 1996 1681 2029 rem
1707 1984 1927 2044 mancipi
1950 1984 2190 2030 traditam

198 2081 203 2082 ν
249 2057 464 2103 tantum,
500 2048 546 2096 si
570 2049 765 2111 quidem
791 2064 822 2097 a
848 2049 953 2096 cive
978 2048 1223 2106 Romano,
1258 2064 1358 2097 non
1384 2048 1523 2109 effici
1544 2051 1846 2110 accipientis
1871 2065 1940 2096 ecc
1965 2050 2073 2097 iure
2102 2047 2190 2106 Qu.

249 2115 332 2177 (in
356 2114 499 2164 bonis
516 2116 653 2177 fieri,
687 2121 871 2177 postea
906 2117 1100 2177 demumx
1130 2116 1254 2163 dicit
1280 2113 1331 2177 S.
1359 2116 1456 2176 41);
1491 2117 1539 2163 si
1565 2130 1684 2163 vero
1710 2131 1742 2163 a
1763 2118 2060 2179 pereyrinO,
2086 2131 2190 2163 cum

248 2197 355 2247 quo
391 2186 466 2231 ius
499 2184 781 2248 commercii
813 2198 912 2232 non
945 2184 1027 2241 sit,
1062 2184 1279 2245 perinde
1315 2197 1426 2231 esse
1460 2197 1522 2230 ac
1545 2183 1593 2230 si
1613 2196 1700 2230 res
1724 2197 1817 2231 nec
1843 2183 2064 2244 mancipi
2084 2188 2191 2231 tra-

249 2252 366 2300 dita
391 2256 524 2299 esset
550 2248 638 2312 (cf.
664 2252 737 2299 ad
758 2250 847 2298 Fr.
869 2250 921 2297 V
919 2256 984 2298 at.
1011 2260 1078 2299 47.
1104 2248 1254 2312 not.);
1282 2257 1435 2300 totum
1461 2251 1587 2298 enim
1612 2250 1708 2300 hoc
1731 2265 1898 2299 rerum
1924 2252 2191 2299 discrimen

246 2318 383 2366 iuris
407 2318 565 2366 civilis
589 2332 716 2368 esse.
765 2318 966 2369 Deinde
992 2319 1054 2367 de
1079 2319 1188 2366 iure
1214 2319 1497 2368 commercii
1520 2320 1838 2381 exposuisse,
1863 2319 1958 2367 sed
1973 2320 2189 2382 plenius,

251 2400 406 2450 quam
434 2384 548 2447 Ulp.
574 2396 637 2440 19,
661 2396 700 2433 4.
725 2394 765 2437 5.
803 2386 1246 2448 Mancipationem
1280 2400 1419 2445 vero,
1456 2386 1503 2434 si
1526 2385 1588 2433 ab
1616 2400 1694 2448 eo,
1733 2388 1924 2449 quicum
1960 2387 2037 2433 ius
2063 2402 2190 2434 com-

247 2452 432 2500 mercii
451 2453 533 2507 sit,
567 2468 652 2501 res
677 2451 898 2514 mancipi
918 2453 1167 2513 mancipio
1194 2454 1498 2515 accipiatur,
1534 2456 1681 2500 etiam
1707 2468 1888 2501 nexum
1914 2453 2189 2505 continere,

247 2522 289 2569 i.
332 2534 379 2572 e.
412 2526 470 2567 ut
502 2522 735 2569 venditor
768 2522 930 2569 evicta
964 2535 1023 2569 re
1056 2521 1381 2568 auctoritatis
1415 2520 1609 2576 nomine.
1644 2520 1717 2567 ad
1748 2520 1949 2581 duplum
1977 2523 2193 2579 pretium

249 2588 545 2636 solvendum
580 2587 843 2651 obligetur.
895 2586 1116 2636 Invicem
1140 2588 1266 2634 iuris
1291 2586 1573 2634 commercii
1595 2585 2091 2642 comlmunieationem
2116 2585 2192 2645 ef-

244 2651 431 2715 ficere,
466 2660 518 2702 ut
550 2656 597 2703 si
629 2656 749 2703 civis
782 2654 922 2703 Rom.
957 2669 989 2702 a
1021 2654 1297 2716 peregrino
1333 2653 1523 2701 liberae
1559 2654 1776 2701 civitatis
1800 2654 2068 2702 secundum
2092 2668 2191 2702 mo-

250 2739 344 2772 res
369 2725 602 2785 legesque
635 2722 1023 2785 peregrinorum
1057 2736 1163 2769 rem
1197 2728 1345 2779 emat,
1384 2735 1513 2784 quae
1547 2736 1616 2769 ecc
1648 2721 1725 2769 his
1750 2720 1939 2784 legibus
1964 2737 2060 2785 per
2086 2729 2189 2771 tra·

252 2792 495 2841 ditionem
529 2791 728 2853 acquiri
759 2805 857 2838 non
891 2790 1072 2851 possit,
1120 2799 1214 2853 qu'o
1251 2790 1302 2838 in
1338 2803 1541 2837 numero
1574 2790 1795 2852 praedia
1832 2804 1941 2838 esse
1977 2792 2190 2848 soleant,

250 2862 419 2907 iustus
445 2858 671 2906 dominus
695 2858 803 2906 cius
827 2857 908 2905 rei
930 2857 1202 2919 efficiatur.
1250 2857 1359 2907 Nec
1382 2862 1547 2905 tamen
1581 2858 1710 2907 idem
1745 2857 1972 2905 obtinere
1999 2858 2049 2903 in
2072 2870 2189 2917 pro·

251 2926 449 2976 vinciis.
500 2925 589 2973 ‘In
623 2925 700 2974 liis
735 2926 860 2973 enim
897 2940 994 2974 non
1029 2926 1174 2974 modo
1210 2927 1453 2988 praedium
1491 2915 1679 2973 nullum’
1719 2930 1813 2973 etc.
1888 2920 1929 2983 3)
1967 2925 2190 2971 *unicam

252 2995 375 3043 edd.
401 3008 579 3055 parum
614 2992 802 3042 usitata
828 3008 930 3041 vox
965 2993 1015 3040 in
1049 2994 1174 3041 iuris
1199 2992 1343 3041 libris
1369 3000 1420 3041 et
1444 2992 1558 3039 hinc
1582 2993 1767 3043 aliena.
1820 2990 1935 3039 Cum
1961 2990 2115 3055 iyitur
2141 2992 2190 3039 in

255 3062 314 3113 C.
351 3061 621 3109 antecedat
657 3075 716 3116 m,
751 3062 896 3123 sequi
927 3061 1079 3108 visum
1109 3060 1270 3120 suerit
1308 3062 1395 3109 end
1424 3058 1665 3121 (qualiter
1699 3061 1835 3108 nulla
1867 3075 1969 3108 vox
1999 3059 2191 3108 Latina

252 3134 472 3193 praeter
507 3128 779 3177 obsoletam
815 3128 991 3176 ‘endo’
1026 3124 1246 3192 incipit),
1287 3128 1521 3190 suspicor
1552 3129 1604 3175 in
1633 3126 1685 3176 C.
1711 3127 1875 3190 fuisse
1910 3128 2189 3182 comlmuni·

253 3212 452 3245 caulem
493 3191 1022 3258 (communicationem)
1067 3211 1275 3260 eamque
1318 3197 1389 3245 ad
1426 3196 1504 3242 ius
1545 3196 1827 3245 commercii
1863 3197 2190 3258 pertinuisse.

254 3265 440 3314 Paullo
475 3269 593 3327 post
626 3280 669 3312 v.
695 3272 734 3311 3.
767 3264 873 3313 init.
926 3263 977 3311 C.
1003 3262 1189 3312 habere
1215 3264 1414 3313 videtur
1448 3259 1569 3326 Usi)
1596 3261 1762 3327 Quod)
1797 3279 1854 3312 eo
1884 3266 2089 3314 nomine.

251 3331 295 3392 ⁴)
341 3333 432 3381 Ad
463 3346 659 3379 sensum
692 3332 907 3384 restitui,
959 3330 1023 3378 In
1060 3332 1176 3380 edd.
1217 3337 1404 3380 tantum
1440 3337 1515 3379 est
1552 3333 1794 3394 praedium
1821 3338 1871 3379 et
1893 3338 2075 3392 postea
2099 3329 2191 3375 ulla

255 3402 424 3452 libera.
2001 3410 2013 3427 ²

396 3546 445 3616 ξ.
476 3551 556 3599 26.
601 3550 679 3604 Of.
706 3564 743 3610 1,
771 3549 866 3602 21¹³.
939 3547 989 3615 ξ.
1015 3551 1137 3599 26⁸:
1159 3550 1237 3609 Cf.
1264 3564 1425 3611 supra
1454 3546 1507 3608 3.
1534 3557 1569 3598 ’1.
1653 3544 1702 3609 ξ.
1730 3546 1811 3591 27.
1851 3542 1931 3601 Cf.
1960 3542 2192 3589 Frontin.

254 3619 321 3671 de
357 3626 582 3668 controv.
618 3634 728 3681 αφ’.
765 3634 817 3679 p.
855 3628 919 3665 3⁴3.
963 3618 1167 3663 Lachne.
1203 3615 1313 3664 Cic.
1356 3629 1452 3675 pro
1496 3614 1675 3662 Flacco
1712 3619 1777 3658 32.
1814 3606 1865 3669 S.
1900 3617 1968 3655 80.
2034 3606 2197 3653 ‘Illud

2009 1277 2185 1282 *m*
2206 1243 2284 1329 ‘3⁰2‘
