2546 3928
366 181 487 239 188
949 195 1072 231 Gan
1109 196 1303 233 marm
1344 181 1436 234 1V.
1474 182 1709 230 22—24.

363 336 648 378 1vn10A⁷r1
679 315 952 378 'mwi
989 335 1210 390 nuclo,
1258 329 1313 375 et
1343 320 1500 374 simul
1533 318 1764 391 aliquam
1807 328 2011 391 partem
2043 317 2307 391 corporis
2501 251 2504 432 ἱ

363 406 478 461 eius
520 404 848 477 prendebat3
890 421 990 460 nec
1030 404 1228 460 licebat
1269 403 1507 459 iudicato
1550 418 1763 458 manum
1807 401 1904 457 sibi
1934 401 2210 476 depellere
2241 411 2309 457 et
2502 435 2503 480 1

364 506 463 562 pro
509 505 567 544 se
605 488 727 561 lege
771 505 966 563 agere,
1021 495 1104 544 set
1149 486 1414 543 uindicem
1457 486 1635 559 dabat,
1680 488 1773 560 qui
1826 503 1924 560 pro
1967 502 2026 541 se
2076 502 2305 542 causam

361 589 528 646 agere
569 571 806 628 solebat:
852 566 1016 644 ’(at)²
1063 574 1155 646 qui
1198 571 1464 627 uindicem
1512 587 1619 626 non
1662 569 1840 642 dabat,
1880 570 2101 626 domum
2132 570 2304 626 duce-

363 655 528 712 batur
567 656 632 711 ab
675 664 860 712 actore
909 665 964 712 et
1009 655 1362 713 uinciebatur.
1451 651 1550 712 22.
1600 654 1796 711 Postea
1837 654 2099 728 quaedam
2138 654 2301 729 leges
2323 660 2449 719 [2⁵11]

230 756 429 807 196,OE
460 740 575 796 aliis
623 740 940 813 quibusdam
972 741 1148 797 causis
1189 733 1197 816 Ι
1237 755 1337 813 pro
1367 739 1604 796 iudicato
1646 755 1835 795 manus
1865 739 2214 795 iniectionem
2246 740 2308 794 in

361 824 633 897 quosdam
677 823 965 897 dederunt,
1008 827 1148 881 sicut
1189 823 1275 879 lex
1306 823 1531 879 Publilia
1560 825 1616 878 in
1648 839 1792 894 eum,
1836 840 1941 896 pro
1973 840 2084 897 quo
2129 840 2305 896 spon-

364 925 458 966 sor
501 908 872 982 dependisset,
915 913 967 965 si
1003 911 1056 964 iu
1097 925 1192 964 sex
1234 906 1510 963 mensibus
1550 908 1829 980 proximiS,
1880 924 2043 981 quam
2086 924 2187 981 pro
2232 924 2303 963 eo

261 1009 268 1014 ·
362 992 659 1066 depensum
701 1002 868 1065 esset,
913 1009 1020 1048 non
1067 992 1325 1048 soluisset
1371 993 1621 1065 sponsori
1672 993 1987 1066 pecuniam3
2036 993 2169 1047 item
2209 990 2305 1047 lex
2504 1029 2505 1066 ¹

364 1076 523 1131 Furia
554 1075 621 1130 de
653 1092 862 1149 sponsu
892 1077 1153 1132 aduersus
1184 1092 1331 1147 eum,
1364 1078 1455 1149 qui
1486 1093 1516 1131 a
1547 1091 1816 1149 sponsore
1852 1076 1981 1149 plus
2016 1092 2175 1148 quam
2218 1077 2305 1130 ui·
2504 1075 2505 1090 ¹

366 1159 520 1214 rilem
563 1168 774 1231 partem
816 1162 1120 1234 exegisset,
1162 1168 1217 1215 et
1261 1160 1495 1233 denique
1537 1159 1827 1232 conplures
1869 1160 2007 1217 aliae
2038 1160 2202 1234 leges
2244 1161 2305 1215 in

367 1243 551 1299 multis
607 1246 781 1299 causis
838 1244 996 1300 talem
1048 1246 1314 1300 actionem
1368 1243 1654 1299 dederunt.
1764 1239 1859 1301 23.
1909 1244 2003 1300 Set
2055 1250 2111 1300 et
2162 1244 2302 1300 aliae

364 1328 516 1402 leges
557 1330 611 1383 in
656 1328 840 1384 multis
883 1330 1091 1399 causis,
1146 1345 1210 1384 ex
1255 1327 1454 1401 quibus
1497 1328 1701 1399 (datae
1741 1337 1875 1384 sunt
1914 1332 1975 1384 in
2019 1330 2307 1401 quosdam

366 1404 705 1482 actiones,)3
756 1416 1161 1470 constituerunt
1213 1412 1467 1485 quasdam
1518 1413 1762 1467 actiones
1820 1428 1920 1486 per
1970 1428 2159 1467 manus
2221 1414 2307 1468 in·

365 1496 673 1565 iectionem,
707 1498 801 1551 sed
833 1514 1038 1571 puram,
1074 1497 1127 1552 id
1160 1504 1386 1553 estnon
1417 1512 1515 1569 pro
1548 1495 1808 1567 iudicat0,
1847 1497 2001 1551 uelut
2031 1497 2132 1552 lex
2163 1495 2306 1570 (Fu-

365 1579 479 1652 ria)
511 1583 916 1638 testamentaria
958 1582 1225 1637 aduersus
1256 1597 1401 1652 eum,
1446 1582 1539 1653 qui
1569 1580 1873 1653 legatorum
1906 1582 2122 1636 nomine
2153 1596 2304 1636 mor-

363 1666 506 1719 tisue
547 1681 708 1720 causa
750 1666 873 1738 plus
921 1683 972 1722 M
1011 1665 1221 1720 assibus
1262 1667 1520 1737 cepisset,
1563 1680 1683 1719 cum
1728 1682 1791 1719 ea
1834 1663 1957 1738 lege
1998 1681 2105 1720 non
2150 1673 2305 1720 esset

364 1755 643 1819 exceptus,
688 1755 750 1802 ut
790 1750 838 1803 ei
868 1749 992 1821 plus
1036 1765 1229 1822 capere
1270 1748 1493 1815 liceret3
1535 1750 1663 1803 item
1693 1748 1779 1803 lex
1811 1747 2002 1803 Marcia
2033 1747 2301 1803 aduersus

367 1829 762 1900 faeneratores),
816 1841 876 1887 ut
918 1834 964 1887 si
1009 1848 1201 1886 usuras
1244 1831 1586 1905 exegissent,
1630 1832 1698 1887 de
1745 1833 1824 1888 his
1868 1831 2155 1887 reddendis
2199 1849 2303 1904 per

365 1929 554 1970 manus
583 1916 929 1972 iniectionem
960 1933 1080 1972 cum
1113 1916 1191 1971 eis
1235 1923 1511 1990 ageretur.
1600 1913 1701 1973 24.
1751 1914 1823 1971 Ex
1856 1915 2048 1989 quibus
2080 1915 2296 1991 legibus

365 2007 421 2055 et
454 2001 499 2056 si
531 2016 665 2073 quae
695 2000 825 2056 aliae
866 2002 1067 2057 similes
1099 2011 1306 2072 essent,
1349 2017 1468 2055 cum
1501 2000 1786 2074 agebatur,
1829 2016 2039 2055 manum
2072 2001 2173 2056 sibi
2206 2001 2298 2056 de·

366 2083 568 2157 pellere
601 2093 655 2140 et
697 2102 797 2158 pro
830 2103 888 2142 se
923 2078 1052 2160 lege
1084 2103 1247 2160 agere
1291 2083 1433 2157 ⁷(reo
1461 2078 1765 2159 licebat)‘¹:
1809 2102 1929 2140 nam
1960 2095 2014 2140 et
2055 2094 2212 2141 actor
2240 2087 2295 2141 in

364 2170 476 2240 ipsa
518 2168 656 2241 legis
701 2171 914 2225 actione
953 2186 1063 2225 non
1109 2169 1369 2225 adiciebat
1410 2170 1514 2225 hoc
1559 2168 1782 2224 uerbum
1814 2184 1934 2226 PRO
1966 2184 2292 2239 1vn1ca‘r0,

364 2251 459 2305 sed
492 2253 765 2306 nominata
796 2269 976 2324 causa,
1022 2269 1084 2307 ex
1118 2269 1221 2324 qua
1253 2252 1469 2325 agebat,
1502 2255 1577 2308 ita
1607 2252 1847 2309 dicebat:
1896 2268 1974 2309 OB
2006 2269 2136 2309 EAM
2169 2271 2297 2311 REM

503 2429 541 2495 ¹)
583 2432 671 2483 Ex
697 2432 863 2497 Hefft.
894 2434 971 2482 ed.
1011 2447 1175 2482 manus
1210 2432 1266 2482 G.
1294 2434 1410 2482 edd.
1440 2436 1737 2501 pleraeque.
1776 2448 1967 2484 manvu
2004 2436 2087 2488 ed.
2123 2435 2222 2499 By.
2246 2445 2288 2489 5.

361 2498 405 2561 ²)
449 2500 752 2550 Geminando
776 2501 974 2551 addidi.
1077 2499 1120 2563 ³)
1158 2500 1363 2565 Scripsi
1387 2501 1633 2554 Zeitselzr.
1662 2502 1820 2556 XIV.
1844 2519 1899 2566 p.
1926 2512 2019 2552 286.
2066 2511 2138 2552 set
2170 2505 2294 2552 aliae

365 2571 394 2619 Ι.
422 2569 456 2617 i.
485 2583 547 2616 m.
578 2584 619 2617 c.
648 2585 700 2617 ex
734 2570 906 2632 qbdam
932 2571 971 2618 si
1002 2568 1056 2618 C.
1092 2576 1164 2617 set
1188 2577 1235 2617 et
1266 2569 1390 2618 aliae
1429 2571 1459 2618 Ι.
1484 2571 1518 2618 i.
1547 2584 1606 2622 m.
1635 2585 1678 2622 c.
1705 2585 1757 2618 ex
1782 2572 1953 2633 quibus
1979 2568 2127 2633 (daea
2148 2576 2218 2620 sit
2240 2573 2290 2619 in

365 2633 619 2697 quaestam
667 2638 802 2685 aetio
846 2638 929 2688 ed.
972 2636 1070 2700 By.
1133 2638 1213 2685 Set
1252 2638 1376 2686 aliae
1419 2639 1544 2696 leges
1587 2652 1640 2685 ex
1688 2638 1965 2700 quibusdam
2009 2639 2167 2686 causis
2210 2640 2286 2688 ed.

368 2701 578 2752 Goesclz.
614 2710 662 2750 et
700 2702 798 2767 By.
834 2713 875 2753 5.
910 2719 979 2752 ex
1012 2703 1130 2753 Sav.
1167 2705 1236 2766 ej.
1341 2701 1385 2766 ⁴)
1421 2702 1682 2767 Suppleni.
1732 2704 1975 2766 (licebat)
2010 2706 2128 2754 edd.
2185 2704 2292 2754 Sed

365 2771 513 2818 etiam
540 2773 675 2819 ‘reo’
704 2772 979 2832 excae'disae,
1005 2779 1300 2835 argumento
1326 2777 1401 2820 est
1426 2777 1525 2819 tum
1547 2787 1764 2837 sequena·
1790 2780 1836 2822 et
1859 2780 2010 2835 actor,
2034 2779 2134 2821 tum
2158 2774 2293 2837 quod

363 2839 436 2886 ica
461 2840 596 2887 ratio
619 2846 860 2901 apparet,
895 2854 988 2887 cur
1017 2841 1167 2888 etiam
1190 2854 1261 2889 eae
1295 2843 1314 2869 ‘
1325 2854 1359 2888 ο
1384 2838 1596 2887 licebat'
1631 2838 1825 2893 factum
1850 2840 2081 2889 ‘dicebat
2096 2843 2112 2868 ’
2151 2842 2289 2889 eoeci—

364 2906 511 2954 deret
534 2921 684 2955 sensu
707 2921 910 2968 careae,
934 2913 1201 2971 postquam
1226 2922 1280 2956 re
1305 2914 1359 2955 ut
1377 2906 1676 2970 geminatum
1701 2908 1927 2957 omissum
1953 2913 2084 2960 erat.

364 3069 419 3133 S.
445 3081 496 3119 46
513 3074 605 3134 fin.
647 3073 785 3123 Fesc.
814 3091 857 3122 v.
886 3074 1091 3123 Vindex
1116 3091 1169 3138 p.
1191 3084 1284 3126 376.
1314 3074 1496 3124 ΒοειΙι.
1520 3075 1593 3123 ad
1617 3074 1718 3124 Cic.
1754 3075 1878 3140 Top.
1901 3086 1942 3126 2.
1971 3074 2024 3139 S.
2054 3087 2117 3125 ιο.
2139 3093 2191 3140 p.
2216 3086 2287 3126 291

365 3138 502 3187 Bait.
537 3139 662 3188 Gell.
686 3149 749 3198 ιε,
774 3152 838 3189 10.
869 3140 972 3189 Cic.
996 3143 1068 3190 ad
1090 3143 1186 3190 div.
1205 3151 1246 3202 6,
1268 3152 1310 3190 a.
1340 3140 1394 3203 S.
1413 3152 1454 3191 3.
1478 3142 1587 3193 Liv.
1608 3152 1649 3205 3,
1671 3153 1737 3193 44.
1845 3139 1896 3208 §-
1923 3145 2006 3193 22.
2034 3144 2106 3192 lex
2131 3139 2285 3207 Publ.]

359 3207 430 3262 cf.
468 3216 509 3268 3,
536 3217 625 3259 127.
665 3209 735 3256 lex
769 3204 900 3272 Fun]
934 3208 1002 3268 ef.
1043 3218 1086 3268 3,
1112 3219 1184 3257 121
1209 3223 1320 3274 seq.
1456 3206 1506 3275 ἕ.
1544 3211 1625 3259 23.
1668 3209 1749 3272 Cf.
1788 3210 1962 3260 Plauti
1994 3210 2141 3263 Pers.
2176 3222 2214 3273 1,
2246 3221 2289 3272 2,

360 3284 542 3322 10—22.
569 3274 653 3323 ubi
674 3291 718 3324 υ.
744 3284 807 3324 18.
844 3277 1134 3337 legendum:
1171 3277 1256 3324 Ubi
1285 3277 1619 3339 quadruplatur
1644 3280 1751 3340 quoi
1780 3279 1955 3342 inpiam
1984 3277 2102 3341 (pro
2129 3293 2288 3342 quem·

359 3343 506 3403 piam)
543 3344 708 3392 iniexit
742 3356 946 3394 manum.
997 3342 1089 3391 Ex
1122 3344 1296 3392 eodem
1330 3358 1449 3393 vero
1486 3345 1596 3393 loeo
1623 3345 1872 3402 discimus,
1909 3361 1980 3396 eoe
2013 3346 2292 3395 huiusmodi

361 3409 642 3458 actionibus
667 3412 911 3459 tresviros
936 3413 1185 3473 capitales
1208 3412 1463 3461 iudicasse
1489 3418 1540 3458 et
1564 3419 1786 3461 actorem
1810 3415 1920 3462 sine
1942 3412 2176 3476 periculo
2199 3429 2291 3462 suo

362 3475 651 3536 litigavisse.
702 3479 770 3525 lex
800 3473 957 3541 Furia]
985 3477 1052 3538 ef.
1079 3489 1121 3540 2,
1146 3488 1237 3526 225.
1290 3480 1360 3526 lex
1399 3474 1592 3542 Marcia]
1629 3495 1675 3528 a.
1705 3497 1752 3530 u.
1776 3491 1869 3534 402.
1919 3480 1999 3544 Cf.
2027 3480 2112 3530 lib.
2137 3496 2292 3529 meum

364 3539 437 3585 τ(Ι.
467 3540 622 3588 Reclzc
648 3545 739 3592 des
765 3545 984 3591 Neaeum’
1008 3561 1062 3608 p.
1090 3556 1164 3593 122
1188 3561 1296 3608 seq.
1335 3556 1424 3594 142.
