2546 3928
357 228 434 285 98
926 241 1042 276 GA11
1082 241 1273 279 ms‘rrr.
1313 227 1384 276 11.
1427 228 1722 276 148-150.

355 367 621 423 honorum
666 367 1067 439 possessionem
1109 376 1318 439 petere,
1359 366 1405 420 si
1438 366 1595 421 modo
1639 364 1924 420 defunctus
1964 372 2201 420 testator
2245 374 2305 421 et

354 453 487 508 ciuis
519 451 786 507 Romanus
828 460 883 506 et
922 466 1051 505 suae
1093 451 1383 523 potestatis
1426 448 1616 505 mortis
1653 456 1896 521 tempore
1927 447 2122 504 suerit:
2164 466 2297 504 nam

355 538 399 592 si
431 536 554 592 ideo
585 537 804 592 inritum
837 535 1055 590 'sactum
1086 529 1193 591 sit¹
1242 541 1643 603 testamentum,
1687 533 1833 606 quod
1862 540 2053 606 postea
2098 534 2297 589 ciuita-

357 631 461 677 tem
496 621 583 676 uel
615 622 773 676 etiam
807 620 1373 675 libertatem-testator
1403 619 1600 688 amisit,
1647 618 1767 673 ’aut
1797 619 1951 690 quod
1978 611 2065 672 is2
2105 618 2160 672 in
2195 618 2297 672 ad-

359 707 635 779 optionem
676 720 736 760 se
777 703 926 759 dedit
970 711 1024 759 et
1065 704 1256 759 mortis
1293 713 1532 775 tempore
1564 703 1617 757 in
1649 701 1888 776 adoptiui
1930 703 2098 774 patris
2129 711 2296 776 pote-

355 799 496 846 state
527 789 652 862 suit,
696 805 805 844 non
849 796 1035 862 potest
1064 790 1298 862 scriptus
1340 787 1498 842 heres
1539 787 1834 842 secundum
1877 785 2082 842 tabulas
2114 786 2298 841 hono·

357 891 477 930 rum
499 875 899 949 possessionem
923 882 1126 946 petere.
1215 869 1348 928 148.
1392 870 1552 941 ’(Sec1
1573 864 1722 944 qui)³
1751 870 2046 926 secundum
2081 869 2297 926 tabulas

358 960 686 1029 testamenti,
730 974 865 1030 quae
907 965 1001 1013 aut
1038 957 1219 1012 statim
1262 955 1326 1012 ab
1368 956 1522 1011 initio
1565 972 1672 1011 non
1716 957 1832 1011 iure
1878 956 2046 1011 factae
2088 948 2299 1025 ’sunt,⁴

359 1053 450 1099 aut
489 1045 608 1098 iure
651 1043 818 1097 sactae
850 1050 1039 1114 postea
1068 1051 1265 1115 ruptae
1299 1039 1385 1096 uel
1418 1041 1609 1095 inritae
1650 1039 1871 1112 ’factae
1900 1033 2081 1111 sunt,⁵
2119 1038 2298 1094 bono-

361 1144 479 1182 rum
508 1126 913 1199 possessiouem
943 1126 1235 1199 accipiunt,
1279 1127 1324 1181 si
1354 1124 1481 1195 ’(eo)
1514 1120 1718 1180 modo⁶
1757 1133 1988 1199 possunt
2022 1123 2303 1180 heredita-

361 1222 467 1268 tem
500 1211 768 1284 optinere,
803 1207 1075 1265 habebunt
1099 1209 1362 1266 bonorum
1386 1210 1785 1282 possessionem
1809 1226 1927 1266 oum
1959 1225 2051 1277 re3
2080 1208 2127 1263 si
2159 1224 2298 1264 uero

362 1296 424 1352 ab
456 1296 768 1368 iis—auocari
813 1294 1085 1350 hereditas
1128 1304 1332 1368 potest,
1378 1293 1650 1350 habebunt
1681 1293 1948 1349 honorum
1987 1293 2295 1367 possessio·

364 1397 483 1436 nem
515 1381 631 1436 sino
661 1396 739 1435 re.
832 1374 962 1435 149.
1009 1378 1137 1434 Nam
1168 1381 1212 1434 si
1246 1381 1368 1452 quis
1401 1379 1557 1434 heres
1586 1380 1703 1434 iure
1725 1377 1871 1434 ciuili
1901 1379 2185 1434 institutus
2220 1378 2297 1431 sit

363 1464 447 1521 uel
492 1481 554 1520 ex
598 1466 771 1538 primo
810 1463 897 1519 uel
940 1480 1004 1519 ex
1049 1465 1360 1538 posteriore
1403 1470 1748 1535 testamento,
1793 1462 1877 1518 uel
1924 1462 1989 1519 ab
2028 1463 2297 1517 intestato

362 1553 477 1606 iure
520 1549 761 1624 legitimo
804 1549 962 1605 heres
993 1550 1084 1620 sit,
1128 1547 1176 1602 is
1202 1556 1388 1623 potest
1419 1546 1481 1603 ab
1522 1549 1592 1604 iis
1633 1547 1988 1604 hereditatem
2025 1562 2297 1613 auocare,

259 1650 341 1701 92.
362 1638 405 1690 si
442 1651 573 1690 uero
606 1650 763 1690 nemo
803 1626 814 1711 Ι
854 1635 922 1689 sit
953 1634 1090 1689 aiius
1119 1634 1237 1688 iure
1271 1633 1419 1689 ciuili
1449 1633 1629 1702 hereS,
1672 1632 1772 1705 ipsi
1816 1633 2052 1689 retinere
2084 1629 2299 1686 heredi·

363 1727 525 1774 tatem
569 1726 821 1791 possunt,
874 1721 925 1772 si
951 1718 1270 1788 possident,
1326 1726 1428 1774 aut
1477 1717 1834 1773 interdictum
1885 1717 2143 1772 aduersus
2195 1731 2296 1772 eos

362 1801 589 1872 habent,
632 1805 733 1873 qui
773 1803 916 1856 bona
959 1802 1272 1873 possident,
1335 1817 1529 1857 eorum
1574 1804 1846 1857 bonorum
1891 1801 2299 1874 adipiscendae

353 1888 738 1958 possessionis
768 1900 969 1941 causa.
1033 1887 1319 1941 interdum
1352 1893 1560 1957 tamen,
1592 1903 1922 1960 quanquam
1953 1893 2298 1942 testamento

361 1974 478 2028 iure
508 1971 652 2027 ciuili
694 1969 984 2027 institutus
1015 1973 1106 2028 uel
1149 1971 1426 2044 legitimus
1459 1988 1678 2046 quoque
1708 1973 1880 2028 heres
1909 1972 1996 2042 sit,
2037 1972 2302 2043 potiores

363 2056 558 2129 scripti
598 2056 884 2127 habentur,
926 2055 1077 2113 uelut
1119 2059 1171 2112 si
1208 2062 1606 2112 testamentum
1636 2058 1761 2112 ideo
1793 2074 1903 2112 non
1934 2056 2058 2113 iure
2090 2056 2299 2110 factum

363 2144 454 2212 sit,
486 2150 577 2197 aul
610 2140 754 2213 quod
787 2140 984 2197 familia
1015 2157 1122 2196 non
1157 2141 1403 2209 uenierit,
1437 2149 1530 2195 aut
1561 2142 1976 2214 nuncupationis
2011 2140 2171 2196 uerba
2202 2148 2293 2194 te·
2319 2144 2457 2204 [179]
2544 2191 2545 2212 ¹

363 2235 537 2281 stator
568 2225 784 2280 locutus
815 2241 925 2280 non
961 2226 1062 2292 sit;
1105 2224 1237 2280 'tum
1272 2228 1281 2290 Ι
1314 2225 1460 2280 enim
1493 2224 1761 2281 aduersus
1789 2227 2055 2282 heredem
2087 2225 2300 2297 defen·

363 2312 580 2366 duntur
601 2323 719 2379 per
747 2309 865 2364 doli
902 2312 1042 2365 mali
1070 2313 1079 2375 Ι
1113 2302 1541 2380 exceptionem.⁷
1631 2305 1760 2367 150.
1809 2309 1957 2365 'Alia
1990 2326 2172 2366 causa
2205 2320 2301 2367 est

365 2410 577 2463 eorum,
624 2395 723 2465 qui
760 2392 971 2448 herede
1012 2410 1124 2449 non
1168 2400 1436 2450 exstante
1466 2397 1601 2455 sitne
1641 2398 1930 2468 praetoris
1960 2399 2300 2451 auctoritate

366 2481 513 2536 bona
552 2479 955 2550 possederunt.
1031 2480 1198 2533 etiam
1248 2471 1348 2534 his
1399 2493 1743 2551 possessores
1796 2487 1982 2535 tamen
2026 2494 2113 2535 res
2163 2478 2298 2534 olim

503 2640 546 2705 ¹)
585 2643 676 2691 Ex
703 2643 915 2695 Goesch.
949 2644 1019 2705 cJ'.
1056 2644 1107 2692 fit
1136 2642 1192 2693 C.
1218 2644 1335 2693 edd.
1444 2641 1487 2705 ²)
1526 2645 1681 2693 uuthis
1707 2643 1762 2693 0.
1797 2652 1880 2693 aut
1906 2646 1947 2693 is
1971 2645 2052 2693 ed.
2083 2642 2177 2708 By.
2216 2647 2297 2695 uel

366 2711 531 2774 utique
548 2710 859 2772 scripseram
885 2711 1089 2761 ‘Gaius’
1110 2727 1167 2774 p.
1191 2721 1258 2760 43.
1288 2718 1339 2760 et
1362 2711 1507 2775 prius
1532 2713 1807 2769 edideram,
1834 2712 2103 2769 adnotans,
2132 2713 2298 2776 utique

365 2792 477 2828 esse
501 2797 568 2818 =
590 2780 784 2837 saltem,
817 2780 979 2839 modo,
1014 2794 1110 2843 quo
1135 2794 1286 2828 sensu
1314 2779 1470 2829 Gaius
1495 2794 1690 2844 qaoque
1716 2782 1844 2828 velut
1871 2789 1912 2840 2,
1936 2789 2000 2834 76.
2026 2789 2089 2828 78,
2120 2789 2212 2828 226.
2253 2791 2297 2842 3,

365 2856 454 2895 187.
504 2862 565 2894 ea
595 2847 853 2909 particula
888 2861 1007 2894 usas
1043 2861 1154 2895 esse
1189 2847 1438 2895 videatur.
1485 2845 1593 2895 Sed
1613 2847 1739 2895 lzaec
1767 2850 2002 2910 exempla
2035 2863 2140 2895 cum
2164 2853 2299 2897 salis

365 2920 510 2964 certa
536 2928 634 2963 non
658 2914 776 2975 sint,
803 2916 900 2963 iam
924 2915 1084 2962 malim
1110 2922 1192 2962 aut
1216 2914 1308 2977 (Ῑίε.
1393 2911 1438 2977 ³)
1476 2915 1692 2977 Addidi,
1719 2916 1856 2979 quod
1880 2921 2099 2964 notatum
2124 2915 2186 2964 ob
2212 2931 2298 2965 se—

365 2997 522 3045 quens
554 2982 833 3030 secu-ndum
864 2983 1022 3043 facile
1055 2982 1221 3044 potuit
1255 2983 1520 3033 excidere.
1569 2980 1945 3042 ‘(Q1ciautem)’
1979 2983 2057 3031 ed.
2088 2981 2185 3045 By.

363 3046 407 3110 ⁴²)
444 3049 536 3096 sint
567 3047 622 3098 C.
647 3050 762 3100 edd.
871 3047 911 3110 ⁵)
948 3058 1080 3097 eruut
1104 3044 1226 3113 (pro
1253 3052 1285 3098 f.
1313 3047 1441 3113 sunt)
1470 3048 1522 3098 C.
1551 3051 1667 3099 edd.
1772 3049 1814 3111 ⁶)
1855 3049 1946 3099 Ex
1974 3050 2176 3099 Laclzm.
2209 3052 2297 3100 ed.

365 3116 505 3164 modo
539 3115 618 3163 ed.
656 3114 753 3180 By.
860 3115 903 3176 ⁷)
942 3115 1029 3164 Sic
1056 3116 1173 3177 fere
1205 3118 1407 3166 restitui
1440 3116 1601 3166 ‘Gaza’
1632 3134 1688 3181 p.
1713 3128 1801 3180 44„
1827 3133 1957 3167 nunc
1982 3125 2144 3167 tamen
2174 3118 2302 3166 nilzil

360 3190 580 3247 praeter·
605 3183 729 3231 enim
757 3189 806 3231 et
829 3183 1054 3232 aduersus
1079 3191 1301 3233 notatum
1334 3186 1498 3242 fuisse
1526 3201 1679 3248 pono.
1719 3185 1971 3235 Gneistias
1995 3186 2026 3234 lz
2044 3200 2123 3233 mc
2150 3186 2297 3234 codi—

365 3251 439 3300 cis
462 3256 660 3312 partem
685 3252 880 3301 omnino
907 3252 1146 3313 neqleoeit.
1221 3251 1262 3314 s)
1291 3253 1383 3301 Ad
1402 3254 1699 3301 sententiam
1726 3252 1955 3302 ductibus
1978 3252 2169 3303 codicis
2196 3269 2301 3302 non

366 3319 534 3368 invitis
559 3318 777 3368 restitui.

502 3467 550 3536 §.
584 3473 698 3520 148.
740 3470 819 3531 Cf.
850 3469 966 3533 Ulp.
995 3479 1063 3532 23,
1086 3480 1126 3519 6.
1168 3470 1346 3520 Collat.
1376 3481 1441 3534 16,
1467 3483 1507 3522 3.
1536 3468 1588 3536 g.
1618 3485 1657 3524 1.
1746 3469 1797 3538 §.
1829 3473 1941 3522 149.
1982 3471 2058 3534 Cf.
2085 3482 2127 3532 2,
2156 3483 2301 3520 ue—

368 3548 456 3587 122.
485 3549 525 3597 4,
555 3549 641 3586 144.
683 3537 797 3599 Ulp.
823 3548 890 3597 2ο,
918 3548 958 3587 9.
991 3548 1057 3597 23,
1085 3548 1125 3586 6.
1174 3537 1354 3587 Collat.
1390 3541 1423 3586 l.
1465 3555 1508 3588 c.
1545 3540 1599 3589 L.
1629 3551 1678 3589 12
1712 3555 1792 3602 pr.
1826 3541 1890 3588 D.
1916 3540 1979 3588 de
2015 3539 2100 3587 ini.
2136 3547 2301 3602 rupto

370 3600 456 3664 (28,
485 3605 548 3665 3).
622 3601 669 3670 ξ,
701 3606 815 3655 150.
856 3604 933 3666 Cf.
962 3604 1079 3668 Uip.
1103 3614 1169 3665 28,
1197 3615 1234 3653 τ.
1260 3604 1325 3652 L.
1350 3615 1414 3655 96.
1442 3605 1496 3670 3.
1523 3618 1559 3656 1.
1589 3608 1655 3660 D.
1682 3609 1745 3657 de
1771 3610 1862 3670 leq.
1892 3619 1928 3661 1,
1955 3605 2097 3667 infra
2122 3615 2163 3667 3,
2194 3617 2263 3655 ⁷8.

1468 3725 1615 3827 ,Χ
