2546 3928
386 207 466 263 26
997 223 1117 256 Gan
1155 224 1346 258 msa-11².
1387 209 1431 258 1.
1475 210 1706 259 14—19.

386 348 604 402 nomine
636 347 800 403 uincti
833 348 962 418 sint,
997 348 1261 420 quibusve
1292 349 1548 421 stigmata
1580 348 1838 421 inscripta
1868 351 2000 417 sint,
2030 346 2168 403 deue
2200 349 2318 420 qui-

385 429 485 485 hus
539 430 608 486 ob
652 448 844 487 noxam
888 432 1137 505 quaestio
1191 433 1475 488 tormentis
1519 432 1699 488 habita
1739 436 1827 500 sit,
1884 440 1938 487 et
1979 433 2034 487 in
2076 448 2136 487 ea
2179 449 2318 487 noxa

387 515 556 571 fuisse
585 517 822 573 conuicti
852 520 983 586 sint,
1014 511 1233 589 ’quiue¹
1272 524 1336 572 ut
1367 516 1511 572 serro
1542 525 1636 572 aut
1665 533 1787 573 cum
1817 515 2007 572 bestiis
2037 515 2318 590 depugna-

386 609 526 664 rent,
574 600 754 656 traditi
809 601 938 671 sint,
991 601 1116 656 inue
1158 599 1346 656 ludum
1388 600 1759 656 custodiamue
1802 602 2037 657 coniecti
2093 600 2315 671 suerint,

384 693 441 739 et
473 693 660 757 postea
691 684 778 740 uel
811 686 875 741 ab
907 687 1100 741 eodem
1119 684 1340 741 domino
1374 684 1458 740 uel
1493 684 1555 740 ab
1586 685 1690 740 alio
1712 686 2044 754 manumissi,
2079 685 2317 740 eiusdem

385 768 720 825 condicionis
736 768 888 825 liberi
904 768 1063 840 fiant,
1080 771 1236 826 cuius
1249 769 1584 825 condicionis
1599 777 1729 825 sunt
1744 763 2044 843 peregrini²
2057 768 2315 825 dediticii.

516 853 575 908 V.
643 870 726 909 ω)
778 869 1154 911 PEREGmmS
1204 846 1575 911 namucus.
1674 851 1764 911 14.
1828 854 2097 923 Vocantur
2138 862 2318 909 autem

385 932 705 1011 (pereyrini
731 939 996 1012 dediticii)
1040 938 1116 1009 hi,
1161 940 1253 1010 qui
1296 937 1565 1010 quondam
1608 938 1868 1003 aduersus
1910 937 2171 1011 populum
2215 937 2319 992 Ro-

387 1039 598 1077 manum
631 1021 792 1077 armis
822 1023 1091 1097 susceptis
1121 1031 1507 1096 pugnauerunt
1547 1023 1621 1078 ’et
1651 1022 1845 1079 deinde
1877 1015 2043 1077 uicti3
2082 1038 2142 1077 se
2172 1021 2321 1078 dedi-

385 1106 600 1160 derunt.
675 1103 763 1162 15.
816 1106 983 1162 Huius
1015 1124 1150 1181 ergo
1184 1107 1538 1180 turpitudinis
1561 1124 1754 1163 seruos
1780 1123 2124 1180 quocumque
2156 1107 2320 1163 modo

387 1200 441 1245 ot
472 1190 861 1263 cuiuscumque
886 1194 1079 1248 aetatis
1111 1193 1490 1260 manumissos,
1522 1193 1623 1247 etsi
1647 1191 1808 1264 pleno
1832 1193 1950 1247 iure
1973 1191 2320 1248 dominorum

387 1273 611 1345 suerint,
642 1291 933 1348 numquam
957 1286 1050 1332 aut
1082 1277 1227 1332 ciues
1254 1275 1523 1331 Romanos
1554 1285 1647 1332 aut
1673 1275 1893 1333 Latinos
1918 1274 2032 1332 fleri
2059 1276 2318 1344 dicemuS,
2408 1291 2417 1299 ·

388 1357 481 1413 sed
514 1359 825 1415 omnimodo
857 1358 1235 1417 dediticiorum
1267 1376 1494 1415 numero
1525 1361 1783 1417 constitui
1818 1360 2220 1434 intellegemus

510 1438 600 1500 16.
648 1442 704 1498 Si
739 1460 868 1500 uero
899 1445 953 1501 in
986 1444 1135 1501 nulla
1165 1444 1259 1500 tali
1301 1443 1641 1518 turpitudine
1672 1446 1742 1500 sit
1771 1461 1984 1514 seruuS,
2029 1445 2319 1500 manumis·
2341 1444 2441 1510 [uu]

310 1537 365 1585 4.
386 1544 504 1582 sum
558 1526 720 1584 modo
766 1529 939 1585 ciuem
981 1528 1312 1599 Romanum,
1374 1528 1535 1585 modo
1578 1529 1820 1584 Latinum
1878 1526 1993 1584 fleri
2041 1520 2322 1604 dicelmus.

383 1608 467 1668 17.
514 1610 641 1668 Nam
684 1614 737 1666 in
770 1615 921 1669 cuius
968 1631 1199 1687 persona
1245 1615 1346 1670 tria
1394 1614 1526 1671 haec
1555 1621 1909 1684 concurrunt,
1958 1620 2017 1667 ut
2047 1613 2218 1668 maior
2249 1615 2324 1670 sit

386 1712 650 1751 annorum
682 1697 928 1768 triginta,
969 1706 1024 1753 et
1066 1715 1131 1752 ex
1164 1701 1281 1752 iure
1312 1696 1598 1764 Quiritium
1630 1697 1850 1768 domini,
1897 1704 1951 1753 et
1981 1697 2121 1752 iusta
2153 1713 2213 1752 ac
2244 1697 2324 1753 le-

387 1779 571 1851 gitima
616 1780 1032 1836 manumissione
1077 1780 1357 1850 liberetur,
1402 1781 1453 1836 id
1488 1789 1570 1836 est
1604 1781 1839 1837 uindicta
1880 1789 1973 1836 aut
2016 1773 2182 1837 censu
2225 1791 2326 1837 aut

387 1868 736 1934 testamento,
776 1864 821 1917 is
863 1865 996 1920 ciuis
1037 1865 1307 1921 Romanus
1353 1863 1443 1939 flt3
1489 1867 1571 1920 sin
1615 1881 1743 1921 uero
1776 1865 1976 1940 aliquid
2007 1882 2197 1922 eorum
2227 1866 2325 1922 de·

385 1947 510 2016 erit,
541 1946 762 2004 Latinus
795 1949 915 2004 erit.

513 2032 592 2089 Vl.
652 2050 735 2090 DE
766 2050 1238 2093 MANVMISSIONE
1289 2053 1409 2093 vm.
1444 2050 1681 2094 CAvsAss
1717 2051 2140 2093 PROBATIONE.
2227 2033 2324 2094 18.

385 2116 539 2183 Quod
571 2127 749 2173 autem
783 2118 849 2175 de
880 2117 1056 2175 aetate
1080 2121 1224 2176 serui
1250 2123 1568 2195 requiritur,
1598 2119 1723 2194 lege
1754 2120 1901 2176 Aelia
1931 2120 2113 2176 Sentia
2149 2122 2327 2177 intro-

378 2200 605 2256 ductum
654 2210 755 2257 est.
818 2219 937 2257 nam
980 2220 1042 2259 ea
1096 2204 1182 2258 lex
1225 2207 1460 2262 minores
1500 2223 1624 2262 xxx
1667 2220 1930 2272 annorum
1974 2221 2167 2261 seruos
2208 2223 2325 2262 non

379 2283 539 2339 aliter
569 2285 745 2341 uoluit
770 2288 1125 2344 manumissos
1163 2290 1309 2344 ciues
1340 2288 1610 2346 Romanos
1643 2287 1780 2360 fieri,
1812 2305 1972 2362 quam
1993 2290 2039 2344 si
2064 2288 2319 2359 uindicta,

376 2370 532 2442 apud
570 2369 855 2426 consilium
891 2372 1032 2427 iusta
1074 2388 1235 2428 causa
1278 2375 1709 2429 manumissionis
1751 2372 2066 2447 adprobata,
2110 2372 2323 2430 liberati

385 2454 603 2511 suerint.
700 2451 790 2511 19.
850 2455 991 2512 iusta
1035 2465 1216 2512 autem
1256 2472 1414 2512 causa
1456 2458 1887 2513 manumissionis
1931 2467 2014 2513 est
2055 2456 2226 2513 ueluti
2271 2460 2319 2514 si

377 2541 504 2612 quis
537 2538 701 2596 filium
738 2539 969 2597 filiamue
1000 2550 1095 2597 aut
1126 2541 1346 2597 fratrem
1378 2559 1693 2598 sororemue
1727 2539 2048 2614 naturalem,
2080 2551 2170 2597 aut
2202 2541 2322 2597 alu-

381 2639 588 2694 mnum,
632 2633 723 2680 aut
766 2620 1232 2700 ’paedagogum,‘¹
1282 2637 1374 2683 aut
1414 2644 1633 2684 seruum
1676 2628 2043 2701 procuratoris
2087 2626 2323 2683 habendi

521 2803 564 2866 ¹)
601 2806 770 2869 quique
794 2805 851 2855 C.
879 2807 995 2860 edd.
1069 2804 1110 2865 ²)
1153 2808 1324 2858 Erant
1358 2810 1485 2858 enim
1509 2810 1659 2860 etiam
1685 2810 1887 2875 quidam
1911 2810 2048 2858 cives
2068 2809 2320 2871 dediticii,

378 2876 515 2922 velut
538 2875 653 2923 otim
681 2874 943 2937 Campani.
1001 2872 1042 2937 ³)
1072 2874 1159 2924 Sic
1187 2875 1462 2925 Goeschen.
1490 2877 1659 2927 deinde
1683 2885 1735 2925 ut
1758 2878 1871 2926 uicti
1894 2884 2003 2926 suut
2026 2877 2090 2925 de
2114 2876 2320 2925 Lac-hm.

375 2943 452 3001 ιη’.
482 2942 561 2990 ed.
586 2940 688 3003 By.
717 2941 889 2991 deinde
926 2950 1086 2992 autem
1113 2940 1129 3005 (
1135 2959 1232 3006 pro
1260 2950 1306 2991 et
1328 2944 1518 3004 deinde)
1545 2947 1625 2994 ert.
1653 2945 1753 3009 By.
1777 2954 1819 2994 5.
1889 2941 1933 3005 ⁴)
1968 2944 2321 3008 paedaqoynm

380 3009 601 3071 intelliqe
623 3008 898 3057 liberorum
932 3012 1309 3059 manumissoris
1345 3010 1432 3072 (L.
1457 3021 1522 3062 35.
1548 3012 1613 3064 D.
1640 3013 1704 3060 de
1722 3013 1891 3075 fideic.
1916 3011 2003 3062 lib.
2029 3023 2099 3071 40,
2122 3014 2188 3072 5).
2226 3012 2321 3060 In·

370 3075 470 3136 fra
495 3073 547 3138 3.
573 3084 638 3124 39.
665 3076 964 3140 intelligitur
986 3078 1047 3136 is,
1073 3079 1159 3141 qui
1180 3082 1341 3140 ipsum
1365 3081 1768 3129 inanumissorem
1792 3080 2008 3128 instituit
2032 3080 2120 3141 (L.
2149 3090 2213 3128 13.
2252 3081 2316 3128 D.

378 3144 446 3191 de
470 3158 678 3193 manum.
703 3143 838 3194 vind.
865 3155 933 3207 40,
960 3143 1024 3207 2).
1065 3145 1207 3195 Nihil
1229 3146 1385 3210 iyitur
1407 3149 1707 3196 mutandum.

515 3293 565 3362 ξ.
601 3299 676 3346 14.
716 3296 770 3346 C.
797 3296 862 3349 E.
891 3296 1132 3346 Huschke
1156 3297 1351 3347 Census
1374 3315 1421 3352 u.
1448 3297 1763 3361 Steuerverf.
1798 3314 1849 3362 p.
1875 3308 1949 3348 162
1973 3313 2081 3364 seq.
2153 3293 2205 3365 ξ.
2241 3299 2314 3348 15.

375 3364 462 3424 Cf.
492 3363 587 3429 38.
613 3374 679 3415 17.
706 3375 772 3415 26.
865 3361 917 3430 g.
953 3367 1029 3414 16.
1067 3365 1148 3426 Cf.
1174 3365 1265 3414 Fr.
1294 3365 1493 3415 Dositlz.
1520 3376 1561 3416 5.
1589 3377 1652 3416 13.
1747 3364 1798 3431 ξ.
1829 3368 1905 3416 17.
1958 3366 2040 3428 Cf.
2068 3365 2185 3429 Ulp.
2213 3377 2252 3427 1,
2277 3377 2319 3415 o.

380 3444 445 3480 1ο.
471 3444 533 3486 12.
560 3442 623 3485 16.
656 3433 716 3487 l..
750 3445 816 3485 11.
849 3434 903 3483 0.
931 3434 997 3483 de
1022 3440 1122 3486 aet.
1149 3434 1305 3496 empti
1336 3432 1397 3496 (4‘,
1422 3433 1512 3493 49).
1603 3430 1655 3498 ξ.
1684 3434 1763 3483 18.
1806 3435 1883 3496 Cf.
1915 3433 2031 3496 Utp.
2066 3446 2106 3493 1,
2136 3443 2198 3483 12.
2227 3434 2318 3485 Fr.

381 3500 580 3549 Dosith.
605 3512 670 3553 13.
696 3500 801 3553 Cic.
827 3516 926 3564 pro
955 3499 1119 3551 Balbo
1144 3511 1183 3549 8.
1212 3501 1275 3549 L.
1302 3511 1350 3549 16
1368 3517 1448 3563 pr.
1477 3501 1539 3550 D.
1565 3501 1630 3550 de
1653 3517 1861 3554 manum.
1885 3502 2017 3551 vind.
2048 3500 2133 3562 (40,
2159 3501 2225 3563 2).
2255 3503 2317 3555 L,

376 3576 446 3618 27.
468 3567 533 3615 D.
556 3569 619 3617 de
643 3584 850 3618 manum.
870 3576 986 3621 test.
1014 3566 1102 3633 (40,
1123 3568 1188 3631 4).
1225 3569 1328 3629 lege
1346 3569 1474 3617 Aelia
1497 3564 1679 3633 Sentio]
1709 3585 1755 3622 α.
1776 3579 1819 3618 3.
1881 3565 1934 3634 §.
1961 3569 2036 3620 19.
2067 3568 2146 3630 Cf.
2168 3567 2223 3630 S.
2246 3580 2319 3622 39.
