2546 3928
77 70 294 113 *br-‘5⁷'-

892 225 1007 261 GA11
1044 225 1249 261 msn'r.
1289 212 1362 265 ΙΙ.
1401 214 1514 263 151.
2092 210 2170 268 99

227 349 579 405 ’obtinebant
611 357 743 406 ante
772 353 953 423 leyem
982 350 1190 407 Iuliam
1212 376 1225 403 .-
1268 345 1429 423 qula¹
1474 350 1597 424 lege
1628 350 1769 405 hona
1806 351 2001 407 caduca
2035 349 2172 407 fiunt

229 443 288 489 et
320 433 382 488 ad
415 433 681 507 populum
712 434 911 488 deferri
948 438 956 500 Ι
991 434 1267 506 iubentur,
1301 437 1345 490 si
1378 434 1636 491 defuncto
1669 451 1827 490 nemo
1858 435 2049 492 ’heres
2079 440 2173 493 uel

231 521 508 575 bonorum
536 534 840 589 possessor
870 522 959 575 sit.

243 599 245 601 '
359 599 475 658 151.
522 596 768 673 2Ροιθεῑ,
805 612 858 658 ιιι
893 605 1009 659 iure
1043 602 1178 659 sacta
1214 612 1533 659 testamenta
1568 604 1860 660 'uoluntas
1886 609 2172 662 contraria

148 694 154 699 ’
222 684 474 759 postea3
517 685 769 745 infirmet.
834 680 1087 768 uerum?
1109 698 1353 761 apparet,
1389 704 1498 743 non
1530 703 1698 762 posse
1729 704 1805 743 ex
1839 704 1903 745 eo
1936 688 2055 745 solo
2086 690 2170 745 in-

227 773 466 843 firmant-i
500 779 913 843 testamentum,
947 775 1102 845 quod
1128 781 1326 846 postea
1364 779 1591 828 testator
1621 772 1672 826 id
1698 775 1937 830 noluerit
1973 773 2168 846 ualere,

230 870 411 928 usque
454 856 611 928 aden,
657 861 665 923 Ι
712 865 773 912 ut
814 858 857 911 si
902 856 1069 912 linum
1103 858 1219 912 eius
1259 856 1531 925 inciderit,
1578 856 1745 911 nihilo
1779 859 1953 913 minus
1999 865 2007 918 Ι
2050 859 2166 913 iure

230 940 378 996 ciuili
418 940 612 996 ualeat.
669 942 796 1014 quin
841 945 1009 997 etiam
1052 945 1103 998 si
1142 941 1407 998 deleuerit
1450 957 1669 1014 quoque
1713 949 1803 999 aut
1848 940 2167 1008 obtenerz't!

232 1022 437 1080 tabulas
481 1027 812 1096 testamenti,
854 1025 981 1081 ’non
1015 1025 1139 1081 ideo
1180 1021 1395 1100 mayis⁵
1441 1026 1688 1081 desinent
1720 1026 1923 1098 ualere,
1960 1030 1968 1092 Ι
2001 1025 2171 1100 ’quae

227 1109 301 1164 ibi
321 1100 345 1140 6
369 1109 617 1180 fuerunt
648 1111 863 1183 scripta,
897 1111 1024 1166 lieet
1054 1126 1242 1166 eorum
1271 1109 1522 1184 probatio
1555 1111 1812 1182 difficilis
1846 1115 1855 1178 Ι
1889 1112 1977 1167 sit.
2039 1110 2166 1184 quid

230 1209 368 1266 erqo
401 1194 517 1249 est?
575 1196 619 1249 si
652 1195 773 1268 quis
805 1193 868 1249 ab
901 1195 1157 1250 intestato
1200 1195 1467 1251 honorum
1513 1197 1915 1269 possessionem
1952 1197 2168 1269 petierit

229 1285 287 1332 et
324 1279 400 1349 is,
446 1282 453 1342 1
497 1281 589 1352 qui
630 1296 694 1335 ex
742 1295 807 1334 eo
851 1286 1180 1335 testamento
1225 1279 1381 1334 heres
1424 1288 1534 1350 est,
1580 1287 1732 1352 petat
1777 1279 2167 1351 hereditatem,

230 1363 434 1433 ’potest
458 1379 583 1419 eum
605 1380 724 1434 per
748 1366 1164 1434 exiceptionem
1189 1362 1304 1419 doti
1331 1367 1468 1419 muti
1497 1366 1799 1436 repellere,
1830 1365 1874 1418 si
1907 1365 2066 1420 modo
2099 1379 2166 1420 ea

226 1462 391 1502 mens
413 1450 706 1503 testatoris
738 1455 749 1507 1
775 1446 965 1517 fuisse
992 1448 1290 1518 probetur,
1326 1453 1387 1503 ut
1420 1449 1499 1502 acl
1528 1463 1640 1518 eoS,
1676 1450 1776 1519 qui
1804 1447 1874 1502 ab
1901 1450 2166 1505 intestato

76 1533 204 1602 [180]
231 1523 564 1586 uocantur⁷
606 1524 614 1606 Ι
655 1531 937 1601 perueniat
968 1529 1264 1585 hereditas:
1310 1538 1364 1585 et
1397 1531 1498 1584 boc
1528 1532 1599 1585 ita
1638 1531 1910 1603 rescripto
1944 1533 2166 1604 impera·
2187 1548 2266 1601 93·

339 1725 378 1788 ¹)
406 1727 497 1776 Art
509 1730 809 1776 sententiam
828 1730 1030 1776 restitui
1044 1732 1077 1782 I.
1101 1743 1145 1777 e.
1169 1753 1231 1762 -
1252 1726 1552 1792 Sequentem
1572 1726 1624 1792 8.
1647 1738 1733 1778 151.
1764 1730 1814 1777 in
1834 1730 1949 1781 edd.
1973 1741 2010 1778 1.
2031 1738 2072 1778 2.
2096 1745 2166 1780 eoe

218 1797 460 1860 pauculis
473 1796 585 1853 illis,
611 1810 741 1859 quae
753 1801 849 1844 tum
862 1796 914 1844 in
934 1796 997 1844 V.
1010 1799 1141 1845 lectu
1152 1801 1317 1858 erant,
1341 1796 1466 1848 adh.
1479 1813 1528 1859 p.
1545 1803 1727 1847 contra
1741 1797 1939 1846 tabulas
1959 1803 2006 1846 et
2021 1798 2165 1846 dein-

225 1879 351 1926 ceps
373 1856 596 1928 (§.151⁰.)
617 1865 805 1912 adeam
818 1863 947 1927 b.p.‚
971 1879 1115 1928 quam
1136 1879 1354 1929 sequens
1369 1865 1566 1928 ¹qradus
1586 1866 1701 1915 ideo
1724 1867 1842 1930 quia
1854 1866 2164 1929 antecedens

225 1947 334 1981 eum
361 1931 471 1980 iure
494 1932 629 1980 civili
645 1937 909 1981 contentus
931 1947 1029 1983 non
1051 1932 1293 1996 petierat,
1320 1933 1540 1997 agnovit,
1567 1935 1831 1997 pertinere
1854 1941 2000 1983 ratus
2025 1949 2162 1983 eram

225 2007 277 2048 et
302 2001 353 2048 in
378 1998 507 2047 hane
530 2002 828 2049 sententiam
852 2002 1191 2051 restitueram.
1233 2000 1347 2047 Iam
1367 2016 1470 2063 pro
1495 2002 1719 2064 opinatis
1742 2017 1865 2050 vera
1889 2004 2007 2051 lieet
2033 2002 2161 2050 dure

225 2083 297 2116 ex
328 2066 382 2115 V
388 2066 444 2115 ³⁴.
481 2067 741 2128 referente
775 2066 1019 2131 Krityero
1058 2067 1221 2128 (Krit.
1256 2068 1517 2117 Versuelaee
1550 2084 1602 2130 p.
1630 2066 1719 2131 18),
1755 2083 1896 2132 quem
1937 2069 2084 2116 etiam
2111 2068 2161 2115 in

222 2136 318 2195 lu’s,
348 2150 478 2197 quae
496 2136 804 2198 corriyenda
829 2138 906 2183 vet
924 2135 1213 2198 supplenda
1231 2142 1396 2193 erant,
1424 2136 1525 2184 nisi
1546 2134 1631 2184 ubi
1655 2136 1780 2199 quid
1800 2135 1977 2194 monui,
2007 2136 2162 2183 tacite

221 2216 427 2266 sequor.
535 2200 577 2263 ²)
615 2203 882 2251 Particula
917 2204 1089 2266 aliqua
1122 2203 1302 2252 deesse
1339 2203 1556 2264 videtur,
1591 2205 1723 2252 velut
1757 2203 1913 2252 Potest
1951 2201 2160 2263 (etiam).

222 2268 421 2318 Relatis
446 2270 571 2318 enim
594 2271 658 2319 iis
683 2270 895 2327 casibus,
923 2270 1007 2319 ubi
1030 2275 1374 2319 testamentum
1399 2272 1513 2335 ipso
1537 2272 1648 2319 iure
1669 2277 1853 2334 postea
1876 2271 2162 2332 infirmatur

224 2332 342 2403 (SS
369 2345 446 2386 138
468 2333 616 2401 seq.),
652 2338 727 2387 ita
759 2344 939 2399 tamen,
977 2345 1033 2387 ut
1061 2340 1245 2401 scripti
1276 2338 1494 2388 heredes
1528 2340 1777 2388 interdum
1813 2338 1858 2393 b.
1890 2355 1944 2402 p.
1978 2344 2159 2401 petere

219 2407 423 2468 possint
448 2401 561 2467 (88.
576 2415 648 2453 147
660 2403 809 2470 seq.),
838 2405 992 2455 Gaius
1015 2408 1111 2455 iam
1137 2421 1305 2455 casum
1329 2407 1526 2470 afferre
1547 2406 1963 2470 deprehenditur,
1991 2407 2042 2454 in
2062 2422 2159 2469 quo

222 2473 336 2522 iure
364 2473 634 2535 praetorio
666 2478 856 2521 tantum
890 2475 1173 2536 infirmatur
1204 2480 1257 2522 et
1289 2473 1353 2521 ab
1387 2476 1628 2523 intestato
1662 2474 1734 2522 ad
1761 2472 1808 2521 b.
1833 2486 2161 2534 possessores

221 2539 483 2589 hereditas
514 2543 761 2603 pervenit.
825 2540 951 2589 Eius
983 2542 1033 2589 in
1066 2543 1226 2589 locum
1261 2535 1315 2603 S.
1352 2550 1390 2588 7.
1427 2540 1472 2589 Ι.
1512 2540 1643 2603 quib.
1683 2540 1812 2589 mod.
1840 2544 1953 2587 test.
1981 2540 2158 2601 infirm.

227 2608 290 2670 (2,
318 2603 386 2672 17)
419 2610 668 2672 pleraque
700 2611 805 2658 alia
828 2606 1101 2659 substituit.
1208 2604 1251 2669 ³)
1288 2606 1355 2654 Jn
1389 2606 1452 2654 V.
1474 2607 1638 2667 fuerit
1662 2609 1863 2655 Uonuff.
1889 2601 2008 2655 Gnia
2034 2608 2156 2669 p'tea

225 2676 487 2724 ‘contraria
515 2671 712 2729 uolunt’.
752 2676 819 2737 ej.
847 2674 946 2728 Kr,
973 2676 1326 2737 interpretans
1351 2674 1589 2723 contraria
1616 2674 1868 2722 uoluntate.
1939 2669 1982 2738 4)
2022 2674 2157 2724 infir·

223 2750 378 2791 metur
404 2742 487 2804 (ur
509 2759 608 2806 pro
633 2744 710 2792 ὗν·
738 2751 790 2792 ut
811 2742 982 2805 puto).
1021 2737 1419 2805 infirme(n)t(ur)
1454 2740 1556 2791 Kr.
1594 2748 1713 2805 post
1747 2750 1937 2805 apparel
1963 2743 2159 2792 addens

225 2812 451 2861 ‘autem'.
552 2808 592 2874 5)
630 2811 769 2860 uideo
805 2811 959 2858 minus
993 2809 1104 2858 V⁵⁸.
1144 2810 1296 2858 nihilo
1324 2810 1479 2859 minus
1506 2807 1648 2872 (non)
1675 2808 1775 2863 Kr,
1803 2810 1872 2872 cf.
1899 2808 2053 2872 8173.

223 2873 266 2942 ⁶)
303 2877 372 2927 In
406 2879 469 2926 V.
491 2878 656 2938 fuerit
681 2879 782 2939 dibi
812 2880 952 2943 ‘que’
982 2876 1102 2941 (pro
1128 2876 1266 2941 quae)
1296 2877 1393 2926 Kr.
1500 2876 1542 2938 ⁷)
1585 2878 1840 2941 Pleraque
1859 2879 1930 2926 ad
1951 2884 2152 2925 senten·

225 2948 343 2994 tium
376 2948 624 3009 supplevi,
658 2947 755 2995 sed
779 2945 902 2995 Cod.
936 2947 1160 3009 vestigiis
1193 2946 1436 2994 insistens
1469 2952 1521 2994 et
1554 2952 1866 2995 constantem
1890 2946 1956 2993 de
1979 2945 2074 2993 kae
2098 2960 2157 2995 re

221 3015 433 3062 omnium
464 3012 707 3063 ICtorum
740 3020 791 3062 et
821 3014 1181 3077 imperatorum
1207 3012 1346 3063 Rom.
1380 3014 1681 3062 sententiam
1710 3017 1934 3076 secutus,
1962 3029 2031 3063 ex
2057 3030 2157 3079 qua

222 3083 288 3144 ei,
319 3095 459 3145 quem
494 3087 715 3130 testator
740 3096 1030 3146 quoeunque
1054 3096 1289 3144 supremo
1314 3082 1501 3131 iudicio
1537 3082 1692 3130 notuit
1715 3088 1899 3144 postea
1921 3082 2157 3131 heredem

214 3149 353 3210 fieri,
373 3155 428 3197 ut
451 3150 656 3212 indigno
676 3165 746 3198 ex
758 3148 891 3198 SCto
917 3165 950 3198 a
967 3150 1096 3211 fisco
1115 3149 1376 3198 hereditas
1393 3149 1548 3199 salvis
1565 3149 1748 3213 legatis
1766 3150 2001 3212 aufertur
2013 3152 2156 3200 ideo-

222 3231 322 3279 que
346 3218 495 3266 etiam
519 3217 717 3280 petenti
746 3216 925 3266 heredi
957 3218 1063 3266 doli
1085 3218 1325 3281 exceptio
1352 3218 1629 3280 opponitur
1639 3236 1658 3274 ‚·
1690 3218 1769 3267 sin
1793 3233 1911 3269 vero
1939 3224 2156 3269 testator

360 3381 408 3452 ξ.
440 3388 551 3436 151.
595 3385 670 3447 Cf.
697 3385 877 3439 Collat.
905 3395 969 3447 16,
996 3395 1036 3443 3,
1066 3396 1104 3438 1.
1133 3385 1195 3439 L.
1218 3397 1255 3434 1.
1284 3380 1335 3449 S.
1359 3394 1401 3435 8.
1431 3386 1498 3432 D.
1524 3388 1574 3435 si
1597 3385 1696 3440 tab,
1721 3392 1839 3436 test.
1867 3389 2033 3434 nullae
2060 3382 2151 3445 (38,

218 3455 268 3512 6)
295 3454 360 3503 L.
388 3466 426 3503 1.
456 3448 508 3519 S.
535 3463 578 3503 3.
606 3452 671 3503 L.
699 3463 738 3502 2.
763 3464 804 3507 3.
828 3463 869 3503 4.
900 3454 962 3501 D.
992 3454 1057 3502 de
1075 3453 1168 3515 his,
1196 3454 1396 3514 quaein
1419 3460 1532 3506 test.
1556 3454 1652 3501 det.
1678 3451 1764 3515 (28,
1785 3450 1832 3512 4)
1862 3450 1922 3498 L.
1943 3460 2008 3501 36.
2038 3448 2090 3512 3.
2112 3460 2151 3498 3.

218 3522 287 3571 D.
319 3523 382 3570 cle
410 3528 521 3572 test.
548 3522 644 3569 mit.
676 3518 763 3583 (29,
784 3522 845 3581 1).
876 3521 938 3574 L,
968 3530 1033 3569 12.
1066 3520 1126 3568 L.
1154 3529 1220 3569 16.
1253 3563 1266 3581 ,
1295 3560 1304 3570 ,
1334 3529 1382 3567 2.·
1413 3520 1476 3567 D.
1497 3521 1561 3568 de
1580 3519 1674 3580 leis,
1703 3536 1748 3581 q.
1775 3523 1828 3566 ut
1846 3518 1948 3564 ind.
1980 3516 2064 3578 (34,
2091 3513 2155 3578 9).

218 3590 286 3639 L.
315 3599 379 3638 22.
421 3590 486 3638 D.
518 3590 581 3638 a'e
606 3589 757 3637 adim.
785 3591 880 3650 Iey.
908 3585 1001 3650 (34,
1028 3586 1071 3651 4)
1107 3588 1165 3635 L.
1194 3595 1235 3634 4.
1302 3627 1312 3637 .
1339 3596 1401 3634 10.
1442 3586 1506 3632 D.
1535 3586 1599 3633 de
1624 3586 1673 3637 d.
1699 3600 1758 3631 m.
1789 3581 2019 3643 exa-(44,
2043 3580 2108 3645 4).

1686 3664 1750 3712 7*
