2546 3928
812 248 934 283 GAII
970 249 1161 284 msrrr.
1205 237 1277 285 11.
1317 208 1643 288 259--263,ι
2064 236 2181 292 121

234 391 359 431 esse
404 373 556 447 quasi
600 373 929 444 damnosam,
972 382 1199 429 cauetur
1228 376 1532 448 Peyasiano
1564 385 1784 432 senatus
1810 377 2086 450 consulto,
2124 385 2181 433 ut

234 458 579 514 desiderante
620 474 706 529 eo,
754 460 841 514 cui
882 460 1173 514 restituere
1215 467 1442 532 rogatus
1487 468 1593 531 est,
1652 462 1804 516 iussu
1853 454 1861 538 Ι
1914 464 2180 535 praetoris
2206 467 2320 514 121.

233 542 395 599 adeat
416 550 473 598 et
497 544 768 610 restituat,
802 543 1135 616 perindeque
1168 545 1215 598 ei
1242 545 1376 598 etin
1401 561 1540 614 eum,
1579 547 1671 618 qui
1697 547 1984 619 receperit,
2017 547 2183 601 actio-

102 635 209 704 {202}
234 645 336 683 nes
380 628 598 695 dentur,
642 644 701 682 ac
731 628 861 681 iuris
903 635 988 683 est
1028 644 1094 682 ex
1125 636 1345 683 senatus
1374 629 1630 684 consulto
1664 630 2038 686 Trebelliano:
2071 647 2181 702 quo

234 728 366 768 casu
408 711 572 767 nullis
616 710 1060 783 stipulationibus
1104 728 1242 785 opus
1288 719 1392 784 est,
1439 715 1566 786 quia
1606 715 1765 769 simul
1809 723 1866 770 et
1897 715 2045 787 huic,
2091 716 2181 787 qui

232 796 499 865 restituit,
531 796 790 851 securitas
824 795 1005 867 datur,
1050 804 1105 851 et
1146 798 1384 852 actiones
1417 797 1770 854 hereditariae
1807 801 1856 854 ei
1887 806 1944 854 et
1973 800 2028 854 in
2059 815 2182 854 eum

233 879 660 949 transferuntur,
706 881 797 952 qui
839 883 1103 954 receperit
1144 880 1521 938 hereditatem.
1625 878 1760 938 259.
1820 883 1962 938 Nihil
2003 890 2181 938 autem

231 967 485 1036 interest,
521 974 700 1020 utrum
732 963 927 1037 aliquis
959 981 1023 1021 ex
1055 960 1173 1019 asse
1201 966 1358 1021 heres
1384 968 1667 1022 institutus
1701 975 1794 1023 aut
1826 976 1995 1023 totam
2026 969 2181 1023 here-

231 1050 462 1104 ditatem
504 1058 595 1105 aut
637 1065 735 1122 pro
777 1058 930 1122 parte
973 1051 1266 1105 restituere
1308 1060 1557 1124 rogetur,
1601 1069 1668 1107 an
1711 1069 1774 1108 ex
1821 1061 1972 1126 parte
2016 1053 2180 1107 heres

230 1135 519 1189 institutus
560 1143 654 1189 aut
695 1141 865 1189 totam
910 1151 1026 1189 eam
1067 1143 1275 1206 partem
1315 1145 1408 1190 aut
1449 1138 1615 1210 partis
1647 1146 1853 1210 partem
1885 1137 2180 1192 restituere

230 1227 482 1292 rogetur.
543 1236 667 1274 nam
698 1227 751 1274 et
782 1218 886 1274 hoc
916 1235 1045 1274 casu
1076 1217 1141 1272 de
1172 1228 1366 1290 quarta
1397 1228 1549 1293 parte
1594 1223 1708 1276 eius
1740 1223 1909 1294 partis
1941 1222 2079 1276 ratio
2113 1237 2179 1275 ex

230 1302 543 1376 Pegasiano
576 1312 794 1358 senatus
827 1303 1081 1358 consulto
1116 1303 1301 1357 haberi
1334 1304 1493 1359 solet.

364 1383 508 1444 260.
556 1388 744 1442 Potest
788 1395 967 1441 autem
1012 1387 1243 1458 quisque
1291 1389 1449 1442 etiam
1495 1405 1583 1442 res
1623 1388 1867 1461 singulas
1899 1405 1998 1462 per
2028 1384 2179 1443 fidei-

225 1473 585 1527 commissum
608 1470 937 1541 relinquere,
959 1469 1114 1524 uelut
1138 1469 1386 1542 fundum,
1412 1472 1703 1542 hominem,
1726 1480 1956 1544 uestem,
1984 1488 2182 1545 argen-

228 1566 375 1624 tum,
408 1555 719 1626 pecuniam3
763 1560 818 1608 et
849 1552 936 1606 uel
968 1554 1144 1625 ipsum
1177 1553 1429 1608 heredem
1462 1571 1678 1628 rogare,
1721 1564 1782 1611 ut
1825 1556 1981 1611 alicui
2023 1558 2180 1611 resti-

227 1646 379 1708 tuat,
427 1638 514 1692 uel
560 1637 897 1710 legatarium,
953 1638 1197 1710 quamuis
1240 1654 1270 1692 a
1314 1638 1576 1712 legatario
1619 1639 1790 1713 legari
1833 1657 1943 1696 non
1984 1641 2178 1714 possit.

225 1718 369 1781 261.
414 1722 546 1777 ltem
589 1729 776 1795 potest
816 1738 926 1776 non
969 1721 1146 1777 solum
1189 1725 1411 1797 propria
1458 1724 1739 1780 te‘statoris
1779 1742 1867 1781 res
1899 1742 1997 1798 per
2030 1724 2178 1783 fidei·

224 1808 583 1863 commissum
615 1806 871 1878 relinqui,
907 1806 1003 1862 sed
1033 1807 1193 1861 etiam
1224 1807 1440 1863 heredis
1471 1817 1563 1864 aut
1594 1808 1839 1883 legatarii
1871 1819 1964 1866 aut
1997 1811 2178 1867 cuius·

226 1892 367 1948 libet
404 1892 656 1946 alterius:
700 1892 882 1963 itaque
930 1898 985 1946 et
1028 1891 1322 1963 legatarius
1364 1909 1473 1948 non
1504 1894 1682 1950 solum
1714 1894 1780 1950 de
1812 1912 1872 1951 ea
1904 1912 1961 1950 re
1995 1896 2178 1966 rogari

227 1984 441 2050 potest,
487 1985 543 2031 ut
587 1993 702 2032 eam
745 1976 905 2032 alicui
947 1978 1220 2046 restituat,
1265 1994 1403 2050 quae
1448 1980 1496 2032 ei
1537 1979 1718 2052 legata
1749 1981 1836 2049 sit,
1883 1979 1978 2034 sed
2020 1981 2176 2034 etiam

225 2062 302 2117 de
332 2062 453 2129 alia,
485 2062 601 2115 siue
635 2060 801 2133 ipsius
833 2061 1081 2133 legatarii
1104 2062 1221 2116 siue
1254 2061 1426 2116 aliena
1447 2063 1535 2117 sit.
1602 2056 1746 2117 Hoc¹
1785 2063 1965 2117 solum
1993 2062 2180 2118 obser-

231 2144 468 2201 uandum
502 2153 605 2215 est,
639 2161 706 2198 ne
736 2145 859 2217 plus
891 2145 1172 2216 quisquam
1204 2154 1435 2217 rogetur
1463 2145 1622 2201 alicui
1654 2147 1964 2213 restituere,
2018 2161 2178 2219 quam

227 2234 350 2304 ipse
381 2246 445 2285 ex
479 2235 803 2284 testamento
834 2229 1077 2303 ceperit3
1123 2246 1240 2284 nam
1281 2227 1290 2300 Ι
1333 2228 1478 2301 quod
1510 2229 1738 2303 amplius
1771 2239 1876 2303 est,
1908 2230 2176 2287 inutiliter
2198 2245 2312 2291 122.

228 2314 580 2386 relinquitur.
670 2307 810 2371 262.
858 2312 990 2369 Cum
1020 2321 1199 2369 autem
1242 2312 1415 2369 aliena
1454 2331 1542 2369 res
1574 2331 1672 2388 per
1702 2314 2177 2373 fideicommissum

229 2398 582 2471 relinquitur,
614 2414 836 2453 necesse
859 2405 943 2453 est
968 2400 1035 2467 ei,
1070 2400 1163 2470 qui
1193 2409 1422 2471 rogatus
1453 2407 1558 2470 est,
1590 2407 1684 2454 aut
1708 2402 1886 2473 ipsam
1911 2400 2176 2455 redimere

225 2493 287 2539 et
332 2490 629 2556 praestare,
672 2491 765 2537 aut
807 2484 1233 2537 aestimationem
1277 2487 1400 2537 eius
1441 2483 1678 2551 soluere,
1723 2487 1871 2538 sicut
1900 2485 2040 2538 iuris
2072 2489 2177 2551 est,

229 2572 289 2623 si
316 2584 411 2640 per
441 2567 839 2621 damnationem
879 2565 1046 2619 aliena
1079 2581 1164 2618 res
1195 2564 1375 2637 legata
1405 2567 1506 2619 sit:
1552 2573 1682 2620 sunt
1714 2573 1913 2636 tamen,
1956 2567 2048 2638 qui
2080 2582 2179 2638 pu·

230 2661 375 2721 tant,
406 2652 450 2705 si
481 2667 594 2706 rem
628 2667 725 2723 per
758 2647 1231 2704 fideicommissum
1253 2648 1496 2703 relictam
1528 2648 1780 2705 dominus
1811 2667 1920 2706 non
1955 2650 2176 2722 uendat,

229 2737 481 2809 extingui
525 2734 1028 2801 fideicommissum3
1073 2732 1169 2788 sed
1213 2732 1368 2788 aliam
1409 2749 1529 2789 esse
1576 2750 1787 2790 causam
1830 2752 1928 2808 per
1958 2735 2178 2791 damna-

232 2821 438 2874 tionem
469 2819 656 2893 legati.
2130 2838 2134 2843 ⁴

249 2945 264 2956 .
364 2900 502 2960 263.
574 2902 814 2958 Libertas
879 2919 1097 2975 quoqne
1162 2920 1324 2958 seruo
1387 2920 1484 2977 per
1535 2902 2009 2960 fideicommissum
2063 2904 2177 2960 dari

379 3067 419 3133 ¹)
446 3068 538 3118 Eae
562 3068 695 3118 Inst.
732 3069 816 3117 sed
837 3069 926 3117 hoc
955 3067 1009 3116 C.
1032 3070 1149 3118 edd.
1171 3083 1339 3117 verum
1364 3070 1449 3119 sed
1474 3085 1544 3119 ecc
1562 3072 1906 3132 praecedente
1927 3073 1987 3120 sit
2008 3079 2176 3120 natum

237 3138 454 3187 videtur.
492 3136 693 3185 Errore
718 3135 818 3200 By.
848 3138 927 3185 ed.
953 3146 994 3189 5.
1033 3151 1106 3185 me
1129 3138 1279 3200 prius
1304 3138 1386 3186 sed
1411 3134 1553 3201 (ante
1580 3137 1741 3203 etiam)
1769 3141 2000 3190 omittere
2025 3141 2115 3189 αἰι.

374 3268 432 3339 ξ.
455 3273 573 3324 259.
600 3292 667 3312 =
695 3271 748 3337 3.
774 3280 815 3323 8.
848 3272 893 3323 I.
920 3271 967 3324 lz.
996 3277 1030 3319 t.
1061 3268 1129 3335 (2,
1151 3264 1243 3332 23).
1318 3269 1370 3338 ξ.
1398 3274 1514 3322 260.
1539 3293 1606 3314 ---’
1629 3290 1713 3337 pr.
1740 3274 1789 3323 I.
1818 3278 1882 3324 de
1908 3276 2038 3336 sing.
2064 3273 2170 3321 reb.

241 3356 291 3401 p.
314 3339 478 3401 sdcss.
514 3338 577 3402 (2,
602 3339 689 3400 24).
739 3341 812 3388 uel
839 3337 1135 3404 legatarium]
1164 3339 1233 3401 es.
1264 3337 1317 3402 S.
1345 3351 1437 3391 271.
1478 3341 1594 3403 [ltp.
1618 3352 1688 3401 24,
1712 3352 1780 3391 20.
1886 3338 1936 3405 ξ.
1964 3341 2080 3391 261.
2106 3358 2174 3378 ==

238 3404 292 3469 3.
319 3420 360 3459 1.
399 3407 448 3461 Ι.
478 3409 590 3460 eod.
625 3408 738 3472 Ulp.
766 3416 831 3463 25,
857 3417 898 3456 5.
938 3407 1084 3458 Paul.
1108 3419 1149 3470 4,
1176 3420 1215 3458 1.
1244 3406 1344 3471 88.
1375 3418 1414 3459 7.
1439 3417 1478 3457 8.
1551 3406 1603 3473 ᾗ,
1631 3410 1745 3456 262.
1771 3427 1839 3447 ---
1865 3407 1919 3468 3.
1946 3417 1985 3455 1.
2012 3404 2060 3451 I.
2088 3406 2171 3453 cic.

242 3473 357 3538 Ulp.
384 3485 450 3536 25,
476 3485 516 3524 5.
554 3476 700 3529 Paul.
726 3487 767 3537 4,
794 3487 832 3524 1.
869 3470 917 3539 S.
949 3484 989 3528 7.
1019 3476 1082 3523 L.
1109 3487 1174 3525 14.
1214 3473 1266 3538 S.
1295 3486 1337 3524 2.
1377 3475 1439 3528 L.
1464 3485 1528 3526 30.
1566 3472 1617 3538 g.
1644 3476 1731 3522 ule.
1766 3474 1832 3521 D.
1856 3475 1918 3520 de
1944 3473 2037 3533 leq.
2066 3480 2104 3519 3.

238 3537 325 3609 ἓξ.
350 3544 655 3595 263-267.
697 3544 776 3605 Cf.
804 3544 866 3592 de
892 3544 1073 3592 ordine
1095 3558 1258 3603 supra
1294 3540 1388 3603 83.
1420 3550 1491 3590 185
1508 3565 1561 3573 —
1579 3550 1675 3594 1903
1703 3541 1766 3587 de
1792 3553 1851 3586 re
1875 3557 1941 3577 ==
1965 3535 2018 3597 3.
2047 3546 2084 3585 2.
2124 3536 2172 3584 Ι.

238 3612 349 3660 eod.
377 3609 438 3673 (2,
465 3612 558 3673 24).
594 3611 814 3675 ΤΙιεορΙι.
841 3623 879 3672 1,
909 3619 974 3671 14,
1002 3623 1040 3658 1.
1140 3607 1191 3673 ξ.
1219 3610 1336 3657 263.
1378 3607 1458 3668 Cf.
1485 3606 1630 3668 Epit.
1658 3615 1698 3665 2,
1729 3614 1768 3652 7.
1799 3602 1852 3666 S.
1878 3614 1919 3652 7.
1965 3603 2082 3665 [sip.
2107 3614 2174 3662 25,
