2546 3928
351 138 474 194 160
906 151 1028 186 Gur
1069 152 1264 187 msnT.
1305 138 1404 187 111.
1446 139 1743 199 142—146„

475 272 608 331 142.
655 273 874 331 Locatio
918 283 1100 330 autem
1142 285 1196 331 et
1237 275 1528 331 conductio
1572 271 1666 350 ’(et
1697 279 1901 346 emptio
1933 282 1987 331 et
2032 277 2294 333 uenditio

347 354 564 431 etiam)¹
600 358 860 414 similibus
894 359 1096 432 regulis
1119 361 1556 416 constituuntur:
1588 360 1692 414 nisi
1722 360 1862 415 enim
1894 375 2102 415 merces
2132 369 2295 416 certa

345 451 551 500 statuta
581 445 683 514 sit,
730 460 840 498 non
875 443 1089 499 uidetur
1131 443 1329 500 locatio
1362 451 1417 499 et
1457 442 1747 500 conductio
1787 443 2055 500 contrahi.
2146 441 2285 501 143.

344 527 494 584 Unde
524 529 570 583 si
614 526 787 583 alieno
832 526 1054 583 arbitrio
1097 544 1302 583 merces
1345 528 1603 600 permissa
1635 529 1735 599 sit,
1777 527 1928 584 uelut
1970 529 2160 601 quanti
2191 529 2288 584 Ti·

211 627 323 679 166,
345 614 451 668 tius
492 613 876 682 aestimauerit,
916 609 925 683 Ι
966 613 1276 684 quaeritur,
1320 625 1387 667 an
1418 611 1614 681 locatio
1647 621 1701 668 et
1731 612 2020 668 conductio
2059 619 2279 668 contra·
2306 626 2441 683 [243]

343 698 530 752 hatur:
575 696 694 768 ’qua
725 689 830 751 de²
861 712 1020 751 causa
1051 697 1095 750 si
1139 695 1336 752 fulloni
1380 695 1633 768 polienda
1662 695 1962 751 curandaue
1985 737 2001 766 ,
2045 698 2288 752 sarcina·

343 782 449 836 tori
491 779 763 836 sarcienda
795 781 1118 835 uestimenta
1147 779 1417 850 dederim,
1461 779 1608 834 nulla
1640 781 1818 835 statim
1863 779 2109 836 mercede
2141 797 2282 836 con-

340 866 561 934 stituta,
604 872 792 937 postea
837 872 1047 919 tantum
1077 863 1336 936 daturuS,
1380 864 1566 937 quanti
1607 865 1750 919 inter
1790 879 1890 919 nos
1931 867 2280 937 conuenerit,

342 950 650 1022 quaeritur,
705 948 1014 1004 anlocatio
1070 956 1124 1003 et
1176 947 1466 1004 conductio
1518 948 1888 1004 contrahatur.
1983 944 2116 1005 144.
2178 948 2278 1006 Vel

340 1035 386 1088 si
429 1049 544 1088 rem
587 1031 682 1087 tibi
726 1030 975 1087 utendam
1018 1031 1257 1088 dederim
1288 1041 1343 1088 et
1384 1033 1617 1088 inuicem
1659 1031 1815 1087 aliam
1857 1049 1970 1087 rem
2014 1033 2274 1089 utendam

339 1116 668 1188 acceperim,
722 1116 1032 1187 quaeritur,
1086 1133 1153 1172 an
1205 1116 1404 1172 locatio
1449 1125 1503 1172 et
1554 1115 1842 1172 conductio
1897 1117 2273 1173 contrahatur.

337 1197 463 1257 145.
509 1198 657 1254 Adeo
701 1207 879 1254 autem
924 1201 1126 1272 emptio
1171 1209 1225 1256 et
1265 1200 1505 1257 uenditio
1538 1208 1593 1256 et
1635 1199 1835 1257 locatio
1879 1209 1933 1256 et
1975 1201 2273 1258 conductio

336 1282 755 1340 familiaritatem
786 1282 1019 1356 aliquam
1048 1287 1191 1342 inter
1221 1302 1281 1341 se
1314 1284 1508 1340 habere
1538 1283 1824 1355 uidentur,
1859 1291 1917 1340 ut
1946 1287 2001 1341 in
2044 1285 2271 1358 quibus-

337 1369 454 1423 dam
487 1370 661 1423 causis
696 1369 880 1441 quaeri
910 1369 1113 1440 soleat,
1156 1377 1337 1424 utrum
1371 1370 1571 1442 emptio
1604 1376 1657 1423 et
1700 1368 1939 1424 uenditio
1985 1370 2272 1425 contraha-

338 1462 453 1522 tur,
503 1468 569 1505 an
610 1451 808 1508 locatio
840 1460 896 1508 et
928 1451 1250 1510 conductio:
1298 1452 1467 1509 ueluti
1497 1454 1542 1507 si
1575 1469 1682 1525 qua
1721 1469 1810 1508 res
1844 1453 1898 1508 in
1939 1461 2267 1527 perpetuum

335 1537 506 1593 locata
549 1537 652 1609 sit,
697 1537 841 1609 quod
873 1539 1059 1594 euenit
1090 1540 1141 1593 in
1185 1537 1418 1612 praediis
1461 1538 1820 1610 municipum,
1867 1554 2003 1610 quae
2034 1554 2095 1592 ea
2137 1537 2267 1611 lege

331 1619 609 1692 locantur,
659 1628 715 1675 ut
758 1622 1010 1693 quamdiu
1055 1616 1243 1677 ’inde3
1288 1621 1517 1693 uectigal
1557 1628 1899 1697 praestetur,
1941 1638 2118 1695 neque
2160 1623 2269 1695 ipsi

332 1703 653 1760 conductori
692 1720 870 1776 neque
914 1705 1098 1761 heredi
1130 1707 1246 1760 eius
1278 1705 1557 1777 praedium
1601 1704 1903 1774 auferatur3
1947 1706 2044 1761 sed
2087 1707 2266 1780 magis

330 1786 535 1860 placuit
575 1786 897 1843 locationem
941 1788 1469 1861 conductionemque
1500 1806 1640 1846 esse.
1729 1784 1859 1846 146.
1904 1789 2040 1846 item
2070 1791 2115 1845 si
2147 1789 2265 1864 gla-

332 1871 567 1926 diatores
611 1886 671 1926 ea
711 1870 836 1944 lege
879 1870 972 1926 tibi
1017 1871 1358 1944 tradiderim,
1405 1880 1466 1927 ut
1495 1874 1550 1928 in
1592 1873 1872 1950 singuloS,
1920 1876 2015 1947 qui
2055 1875 2263 1948 integri

331 1956 587 2027 exierint,
631 1973 731 2029 pro
775 1955 974 2012 sudore
1018 1955 1222 2013 denarii
1260 1976 1346 2014 xx
1385 1959 1514 2015 mihi
1554 1957 1841 2029 darentur,
1893 1960 1947 2014 in
1990 1976 2084 2015 eos
2125 1976 2263 2015 uero

329 2040 605 2115 singuloS,
648 2042 743 2114 qui
775 2042 933 2097 occisi
966 2051 1057 2097 aut
1089 2041 1353 2098 debilitati
1386 2042 1616 2113 suerint,
1661 2044 1869 2100 denarii
1894 2044 2052 2114 mile,
2098 2059 2265 2117 quae-

327 2127 497 2197 ritur,
541 2135 723 2181 utrum
754 2128 956 2198 emptio
989 2135 1044 2183 et
1085 2127 1327 2183 uenditio
1359 2144 1427 2183 an
1469 2126 1666 2184 locatio
1699 2136 1753 2184 et
1794 2128 2085 2185 conductio
2127 2145 2262 2184 con-

265 2269 276 2275 ,
327 2210 600 2264 trahatur:
645 2217 700 2264 et
729 2211 900 2281 magis
931 2211 1162 2282 placuit,
1192 2227 1413 2282 eorum,
1455 2213 1549 2285 qui
1577 2214 1777 2286 integri
1808 2213 2068 2282 exierint,
2113 2213 2262 2268 loca-

326 2294 528 2347 tionem
582 2301 638 2347 et
682 2291 1099 2349 conductionem
1142 2304 1477 2351 contractam
1530 2296 1728 2366 uideri,
1785 2304 1836 2352 at
1888 2313 2109 2367 eorum,
2166 2298 2260 2368 qui

324 2477 457 2523 linea
491 2490 674 2531 vacua,
712 2476 763 2524 in
799 2492 923 2540 qua,
958 2477 1076 2526 licet
1109 2476 1344 2526 rubricae
1379 2478 1661 2538 destinata,
1696 2477 1822 2526 llaec
1850 2478 1967 2539 fere
2000 2480 2257 2528 sententia

318 2543 539 2605 periisse
574 2543 799 2592 videtur:
836 2544 1108 2593 ‘Proxima
1140 2547 1381 2609 emptioni
1414 2553 1465 2594 et
1498 2546 1775 2594 venditioni
1805 2552 1882 2594 est
1915 2547 2102 2596 locatio
2129 2562 2252 2595 con-

213 2633 225 2648 ι
323 2607 531 2658 ductio’.
573 2609 649 2671 Cf.
678 2611 742 2658 L.
768 2622 792 2659 2
815 2627 897 2673 pr.
933 2613 999 2661 D.
1028 2614 1122 2661 loe.
1153 2610 1241 2674 (19,
1267 2612 1334 2677 2).
1391 2612 1620 2677 Sequens
1644 2616 1772 2661 enim
1806 2621 1961 2663 autem
1994 2620 2136 2663 certo
2163 2630 2258 2663 ar·

318 2682 551 2739 piamento
577 2684 671 2738 est,
694 2681 983 2740 generalem
1002 2683 1353 2741 praecessisse
1376 2682 1694 2742 sententiam,
1722 2695 1851 2745 quae
1877 2684 1973 2730 iam
1996 2682 2257 2744 sipillatim

322 2744 627 2806 explicetur.
769 2742 809 2808 1)
847 2745 996 2796 Haec
1039 2763 1166 2797 nunc
1209 2747 1420 2811 (addita
1451 2764 1496 2796 v.
1535 2746 1701 2797 ‘etia'
1746 2749 1798 2797 in
1845 2752 2013 2799 altera
2058 2745 2164 2814 ed.)
2202 2757 2256 2799 uc

318 2813 498 2860 similia
520 2813 742 2874 periisse
764 2818 993 2863 statuere
1025 2817 1190 2878 malui,
1220 2832 1365 2881 qaam
1390 2817 1528 2880 quod
1558 2814 1760 2865 ‘Gaius'
1786 2832 1838 2879 p.
1862 2824 1928 2865 95.
1967 2831 2249 2879 suaseram,

321 2880 621 2929 constituitur
643 2882 828 2945 legere.
874 2881 952 2943 Cf.
983 2876 1154 2947 3145.
1283 2880 1326 2948 ²)
1353 2884 1531 2932 Malim
1555 2898 1609 2932 ex
1636 2884 1779 2940 eade,
1806 2884 1923 2932 licet
1944 2885 2177 2934 similiter
2201 2885 2254 2932 in

319 2945 451 3073 gisi.
476 2949 691 3011 leqatur.
796 2945 838 3013 ³)
864 2950 914 2998 id
940 2948 1060 3013 (pro
1084 2952 1215 3014 siyla
1240 2951 1586 3015 accipiendum
1596 2969 1614 3008 ,·
1641 2947 1841 3001 ‘Gaius’
1865 2967 1920 3015 p.
1947 2951 2021 3011 96)
2051 2951 2105 3001 0.
2131 2953 2252 3001 edd.

387 3049 398 3060 .
433 3024 482 3074 4,
518 3023 584 3063 28.

450 3162 502 3231 ξ.
532 3166 644 3219 142.
686 3166 761 3227 Cf.
797 3167 861 3218 L.
889 3177 912 3215 2
936 3183 1018 3230 pr.
1056 3169 1120 3218 D.
1148 3172 1242 3222 loc.
1273 3169 1357 3232 (19,
1381 3166 1446 3235 2).
1485 3170 1585 3219 Pr.
1619 3169 1670 3220 J.
1699 3171 1762 3219 de
1796 3174 1948 3220 locat.
1976 3168 2041 3233 (9,
2063 3171 2154 3231 94).

314 3231 365 3300 ξ.
405 3234 516 3286 143.
566 3232 648 3296 Cf.
692 3228 744 3299 S.
782 3244 818 3284 1.
863 3234 912 3286 I.
950 3235 1017 3285 ib.
1058 3237 1119 3291 l..
1153 3248 1203 3287 25
1230 3253 1317 3300 pr.
1363 3238 1426 3287 D.
1470 3240 1569 3288 loc.
1611 3236 1710 3302 (19,
1745 3236 1818 3300 2).
1871 3239 1934 3287 L.
1967 3250 2033 3289 22.
2084 3240 2144 3291 D.
2183 3240 2250 3289 de

307 3317 547 3364 praescr.
583 3302 717 3351 verb.
754 3302 840 3362 (19,
868 3298 934 3366 5).
1072 3301 1123 3369 ξ.
1152 3306 1263 3358 144.
1305 3304 1383 3365 Cf.
1410 3302 1461 3372 ξ.
1488 3317 1539 3357 2:
1570 3304 1620 3356 1.
1648 3305 1713 3356 ib.
1749 3306 1813 3356 L.
1838 3316 1902 3355 17.
1929 3300 1982 3372 3.
2009 3317 2049 3356 3.
2089 3307 2153 3359 D,
2182 3308 2250 3356 de

313 3384 544 3429 praescr.
581 3370 716 3419 verb.
754 3367 846 3431 (19,
880 3369 948 3433 5).
1086 3368 1135 3438 ὅ.
1175 3374 1287 3422 145.
1334 3371 1387 3435 3.
1424 3385 1466 3425 3.
1514 3372 1563 3422 Ι.
1597 3374 1662 3425 ib.
1708 3373 1783 3434 Cf.
1822 3374 1887 3422 L.
1921 3384 1963 3422 2.
2009 3369 2137 3439 3.1.
2179 3374 2245 3426 D.

310 3436 406 3483 loc.
433 3435 519 3496 (19,
544 3430 610 3499 2).
644 3436 832 3487 Gruter
854 3446 948 3500 801,
973 3446 1014 3487 5.
1154 3436 1205 3505 ξ.
1232 3441 1348 3492 146.
1379 3441 1459 3503 Cf.
1490 3440 1591 3493 Cic.
1619 3442 1692 3491 ad
1710 3442 1869 3492 Ateic.
1894 3451 1935 3500 4,
1961 3452 2012 3492 46
2028 3443 2123 3504 fin.
2150 3456 2249 3491 non

315 3502 550 3549 dubitatur
574 3500 690 3567 εἰει]
717 3504 784 3565 cf.
816 3505 876 3556 L.
903 3515 954 3554 20
973 3521 1058 3568 pr.
1087 3506 1148 3562 D„
1173 3509 1269 3560 loc.
1298 3505 1383 3570 (19,
1408 3505 1473 3572 2).
