2546 3928
1154 172 1339 209 amre.
2130 161 2206 216 11

274 297 462 359 partes
501 293 822 343 distinxisse
860 298 915 342 et
951 308 1269 342 numerasse
1298 293 1753 358 deprehenditur-3
1795 298 2021 358 praeter
2049 310 2216 359 gene-

274 361 447 410 ralem
493 361 637 409 enim
673 361 827 410 illum
864 362 1100 422 titulum,
1147 376 1211 410 ex
1252 376 1357 424 quo
1394 375 1584 410 omnes
1629 360 1756 410 libri
1794 367 2074 412 crescente
2112 368 2212 411 nu-

273 442 417 477 mero
457 427 930 492 significabantur,
973 431 1187 490 quoties
1220 428 1538 492 specialiter
1575 427 1705 491 quid
1746 443 1811 476 ex
1846 429 1916 477 iis
1955 430 2210 493 refertur,

148 495 245 554 [89]
277 496 474 545 omisso
512 495 830 560 plerumque
869 497 1040 544 totius
1079 497 1260 560 operis
1299 495 1462 544 titulo
1502 499 1558 544 et
1594 495 1775 555 libro,¹
1819 497 2026 563 singuli
2061 496 2212 547 tituli

272 563 551 612 interdum
597 564 815 612 adiecto
878 563 982 611 ‘ad
1029 563 1265 613 edictum
1312 565 1584 626 praetoris
1630 563 1860 612 urbani’
1921 569 1976 613 et
2022 565 2080 612 in
2125 564 2210 612 his

275 630 498 692 quidam
545 632 604 679 in
653 631 958 694 complures
1013 630 1186 679 libros
1241 631 1407 679 divisi
1460 629 2017 692 commemorantum²
2071 631 2213 680 unde

273 702 524 762 apparet,
564 696 762 747 Gaium
790 697 1033 760 singulos
1061 698 1252 748 titulos
1290 713 1387 762 pro
1425 713 1484 747 re
1518 697 1678 746 modo
1714 697 2002 761 utriusque
2038 699 2213 748 edicti

271 766 596 814 coniunctos
643 766 802 814 modo
841 768 1129 828 separatos
1164 771 1456 815 tractasse.
1531 764 1676 828 quod
1711 770 1773 814 ut
1812 766 2046 829 faceret,
2085 781 2211 829 par-

268 833 368 880 tim
406 832 627 895 quidem
666 849 734 882 ea
770 833 894 896 ipsa
940 833 1225 898 utriusque
1275 833 1442 881 edicti
1480 835 1796 882 coniunctio
1842 831 2039 894 effecit,
2087 849 2210 897 par-

268 901 369 948 tim
404 911 537 950 vero
577 901 745 948 etiam
792 901 934 949 ratio
982 900 1250 965 quaedam
1297 901 1381 948 ius
1431 899 1756 949 discentium
1794 900 2003 951 habita.
2076 900 2212 948 Cum

272 968 420 1015 enim
470 968 593 1030 ipsa
637 983 729 1016 res
778 968 857 1016 ita
902 967 1090 1029 ferret,
1145 973 1206 1016 ut
1253 967 1475 1030 aliquae
1523 971 1738 1017 tantum
1794 971 1983 1030 partes
2039 966 2211 1016 edicti

268 1033 386 1098 legi
423 1033 564 1082 duce
603 1034 870 1098 magistro
905 1039 1151 1099 possent,
1200 1050 1333 1084 sane
1373 1034 1707 1084 commodius
1747 1039 1880 1095 erat,
1917 1034 2210 1098 discipulis

269 1101 523 1165 singulos
561 1101 732 1151 libros
769 1100 860 1152 vel
897 1101 1092 1151 titulos
1130 1117 1197 1150 ex
1235 1106 1354 1152 toto
1393 1116 1572 1166 opere,
1614 1102 1707 1164 qui
1743 1117 1927 1150 rursus
1957 1102 2209 1166 proprios

265 1168 441 1217 libros
498 1168 735 1232 quadam
790 1170 1007 1218 ratione
1068 1169 1405 1228 efficiebant,
1461 1170 1778 1219 tractandos
1828 1184 1988 1232 quam
2034 1173 2208 1218 totum

263 1250 406 1299 opus
442 1235 534 1285 hic
571 1235 686 1285 illic
725 1237 1054 1300 gustandum
1089 1237 1145 1285 in
1186 1252 1377 1286 manus
1421 1235 1592 1285 dare.³
1663 1235 1738 1284 Et
1772 1237 1851 1284 ita.
1891 1236 2122 1300 quidem,
2162 1237 2211 1284 si

265 1302 403 1366 quid
448 1303 630 1365 vide0,
681 1304 820 1354 Gaio
867 1305 1096 1353 debetur
1142 1303 1241 1361 illa
1282 1320 1348 1352 ex
1387 1308 1559 1353 const.
1601 1302 1829 1352 Omnem
1866 1304 2003 1368 reip.
2048 1305 2094 1364 ἕ.
2135 1301 2208 1352 1.4

264 1489 584 1548 scripserunt,
619 1495 713 1535 tam
749 1488 962 1535 urbicum
987 1502 1124 1549 quam
1160 1489 1450 1551 provinciale
1474 1489 1706 1550 complexi
1734 1503 1836 1535 esse
1860 1489 2054 1549 putandi
2083 1496 2203 1537 sunt.

269 1552 314 1614 ²)
354 1555 571 1615 Plerique
592 1556 718 1602 enim
737 1555 1000 1613 singulares
1021 1561 1197 1602 tantum
1217 1555 1365 1602 libros
1386 1555 1477 1602 sibi
1500 1555 1838 1616 comparabant
1862 1561 1906 1601 et
1926 1563 2053 1602 certe
2071 1556 2211 1603 Iusti-

264 1621 403 1670 niani
440 1621 704 1679 prudentes,
753 1628 869 1669 teste
902 1621 1059 1669 indice
1093 1622 1384 1676 Florentino,
1420 1622 1748 1675 talestantum
1786 1621 2047 1669 habebant:
2085 1624 2207 1685 quod

263 1689 440 1743 effecit,
470 1695 517 1736 ut
544 1692 682 1736 totius
708 1689 867 1750 operis
888 1689 1115 1736 librorum
1141 1690 1325 1737 numeri
1351 1690 1711 1748 negligerentur.
1775 1687 1815 1751 ²)
1851 1689 1901 1737 In
1928 1690 2206 1752 inscriptio-

265 1755 409 1804 nibus
434 1758 732 1816 reperiuntur
757 1755 864 1803 Ἰὼ.
892 1757 930 1803 Ι.
959 1756 1016 1807 ΙΙ.
1046 1756 1104 1803 de
1131 1757 1420 1804 testamentis
1456 1757 1513 1804 ad
1540 1757 1742 1805 edictum
1774 1758 2007 1820 praetoris
2038 1757 2205 1805 urbani

267 1820 362 1882 (vel
389 1823 700 1882 negligentius
742 1824 1025 1885 ‘praetoris’
1062 1824 1132 1872 vel
1169 1824 1251 1871 ‘ad
1280 1824 1486 1872 edictum
1513 1823 1800 1886 urbicum');
1827 1824 1944 1872 ‘lib.
1975 1826 2011 1874 l.
2037 1824 2096 1872 II.
2119 1826 2204 1874 111.

265 1890 332 1938 de
357 1890 522 1949 legatis
549 1890 607 1937 ad
634 1891 839 1938 edictum
863 1891 1097 1952 praetoris
1122 1891 1339 1946 urbani’3
1369 1892 1452 1939 ‘ad
1479 1891 1687 1940 edictum
1713 1892 1927 1940 urbicum
1959 1891 2011 1951 (i.
2039 1906 2079 1938 e.
2110 1899 2205 1939 tam

263 1958 501 2020 praetoris
528 1957 694 2005 urbani
720 1973 858 2021 quam
883 1956 1141 2021 peregrini)
1181 1958 1314 2008 titulo
1341 1959 1398 2007 de
1424 1959 1581 2021 operis
1606 1960 1715 2007 novi
1741 1959 2057 2008 nuntiatione'
2073 1974 2085 2013 ;
2123 1962 2139 1987 θ
2147 1959 2205 2006 ad

265 2025 477 2073 edictum
511 2026 743 2087 praetoris
776 2026 944 2074 urbani
981 2026 1112 2074 titulo
1149 2026 1206 2073 de
1241 2027 1413 2074 damno
1449 2028 1648 2075 infecto’
1698 2025 1797 2086 (ubi
1831 2027 1933 2073 sine
1970 2025 2113 2073 dubio
2149 2026 2206 2073 de

262 2093 503 2155 praetoris
536 2093 774 2154 peregrini
801 2094 955 2141 edicto
982 2100 1198 2155 separato
1222 2094 1360 2142 titulo
1387 2091 1684 2155 disputavit);
1722 2093 1803 2140 ‘ad
1840 2092 2041 2140 edictum
2067 2106 2206 2154 prae-

264 2161 385 2207 toris
419 2160 590 2209 urbani
623 2160 757 2208 titulo
795 2160 853 2208 de
888 2175 1036 2222 aquae
1069 2160 1254 2222 pluviae
1291 2161 1570 2218 arcendae’3
1609 2161 1692 2209 ‘ad
1729 2160 1933 2208 edictum
1968 2160 2203 2221 praetoris

262 2226 434 2275 urbani
470 2228 605 2275 titulo
631 2228 687 2274 de
712 2228 1031 2289 publicanis’;
1071 2227 1152 2275 ‘ad
1181 2228 1383 2276 edictum
1417 2229 1653 2291 praetoris
1690 2226 1941 2286 (exciderit
1966 2225 2203 2289 ‘urbani’)

265 2294 400 2341 titulo
427 2295 485 2342 de
509 2295 909 2357 praediatoribus’
939 2294 1008 2353 (et
1032 2295 1311 2357 publicanos
1339 2303 1380 2343 et
1407 2296 1731 2357 praediatores
1753 2295 1956 2342 edictum
1973 2310 2045 2357 pr.
2068 2310 2203 2356 pere-

254 2362 391 2419 grini
420 2360 713 2421 ignorabat);
753 2362 922 2410 ‘libro’
962 2369 1006 2410 et
1041 2363 1188 2409 ‘libro
1219 2363 1281 2410 11.
1316 2364 1376 2410 ad
1419 2363 1491 2411 cd.
1527 2363 1759 2425 praetoris
1794 2362 1960 2410 urbani
1988 2363 2121 2409 titulo
2148 2362 2205 2409 de

265 2428 452 2476 liberali
480 2432 644 2477 causa’
684 2428 840 2488 (cuius
877 2432 1018 2478 etiam
1045 2436 1112 2476 est
1148 2430 1199 2477 L.
1224 2431 1347 2478 6.·D.
1377 2429 1435 2477 de
1462 2430 1542 2481 lib.
1571 2444 1712 2476 causa
1737 2438 1802 2484 4ο,
1831 2431 1926 2486 12);
1968 2428 2121 2475 ‘libro
2147 2428 2206 2475 ad

264 2496 339 2546 ed.
363 2497 598 2560 praetoris
619 2496 784 2544 urbani
812 2498 945 2545 titulo
972 2497 1029 2543 de
1054 2511 1106 2543 re
1131 2497 1388 2555 iudicata'3
1418 2500 1434 2524 <
1443 2496 1564 2544 libro
1591 2496 1648 2543 ad
1675 2496 1746 2544 ed.
1775 2496 2011 2555 praetoris
2038 2493 2205 2542 urbani

262 2563 398 2611 titulo
435 2564 512 2625 qui
551 2578 698 2626 neque
733 2570 989 2625 sequantur
1022 2577 1173 2623 neque
1206 2562 1474 2613 ducantur’.
1520 2562 1699 2610 ‘Edicti
1727 2561 1965 2609 urbanici'
2000 2562 2049 2609 in
2087 2562 2135 2611 L.
2159 2572 2201 2610 4.

259 2632 322 2679 D.
348 2630 403 2677 de
428 2645 558 2693 oper.
587 2645 708 2682 serV.
740 2632 798 2689 (7,
827 2628 876 2691 τ’)
903 2632 1189 2680 Graecorum
1214 2630 1407 2677 licentia
1435 2629 1675 2689 significat
1700 2629 1903 2677 edictum
1937 2644 2009 2692 pr.
2035 2630 2202 2678 urbani

262 2696 352 2755 (cl.
378 2698 430 2747 L.
457 2708 522 2745 30.
553 2699 607 2749 D.
635 2698 692 2745 de
716 2698 828 2747 bon.
860 2698 938 2750 lib,
966 2707 1033 2757 38,
1059 2697 1105 2756 2)
1130 2699 1189 2745 vet
1219 2697 1469 2759 aliquoties
1494 2712 1579 2760 pro
1605 2712 1645 2751 v,
1684 2697 2007 2746 ‘urbanicum'
2044 2712 2205 2746 errore

260 2764 568 2820 librariorum
597 2766 859 2813 ‘urbicum’
888 2766 1068 2813 videtur
1103 2766 1323 2827 positum,
1361 2766 1481 2813 velut
1506 2766 1557 2814 L.
1586 2774 1627 2814 5.
1657 2767 1710 2813 D.
1744 2765 1800 2812 de
1824 2766 1966 2813 adim.
1994 2764 2085 2823 leg.
2116 2763 2201 2825 (34,

252 2831 325 2892 4),
362 2832 441 2880 ubi
479 2837 620 2880 etiam
656 2834 878 2896 specialis
915 2834 1076 2881 titulus
1114 2833 1299 2880 excidit.
1406 2830 1445 2892 3)
1482 2834 1583 2881 Alia
1618 2834 1802 2881 ratione
1826 2833 2016 2880 Alfenus
2043 2831 2202 2888 Varus,

258 2900 503 2961 ceteroqui
530 2900 676 2948 simili
700 2902 914 2948 instituto
941 2914 1068 2959 usus,
1099 2914 1204 2947 cum
1230 2914 1535 2962 quaecunque
1560 2900 1615 2947 de
1640 2902 1742 2948 iure
1762 2899 1891 2948 civili
1912 2898 2200 2960 scripsisset,

257 2966 560 3026 Digestorum
581 2967 714 3015 titulo
736 2968 1190 3030 comprehendisset,
1210 2974 1369 3029 partes
1392 2968 1491 3014 eius
1512 2967 1669 3029 operis
1690 2968 1829 3016 etiam
1849 2966 2050 3028 speciali
2073 2967 2205 3016 titulo

259 3040 311 3082 et
329 3034 561 3082 librorum
581 3036 906 3083 numeratione
927 3036 1152 3089 distinxit,
1176 3041 1223 3082 ut
1243 3049 1285 3081 v.
1306 3048 1374 3093 gr.
1397 3034 1693 3093 Digestorum
1720 3033 1841 3082 liber
1860 3033 2057 3083 XXXIV.
2079 3042 2206 3082 esset

260 3102 406 3149 simul
433 3102 857 3151 Coniectaneorum
893 3102 1014 3150 liber
1040 3103 1100 3150 Il.
1134 3108 1329 3150 auctore
1354 3102 1472 3150 Gell.
1498 3111 1537 3160 7,
1567 3112 1609 3149 5.
1660 3101 1760 3150 vid.
1785 3110 2028 3163 praeterea
2055 3100 2108 3150 L.
2138 3111 2203 3148 19.

252 3165 364 3229 §.a
389 3171 443 3217 D.
465 3169 649 3217 deauro
661 3183 761 3229 arg.
781 3169 868 3231 (34,
884 3167 929 3229 2)
951 3176 996 3217 et
1015 3184 1153 3232 supra
1170 3170 1335 3217 Antist.
1351 3168 1616 3216 Labeonem
1636 3184 1681 3231 p.
1695 3177 1785 3217 110.
1801 3176 1893 3218 not.
1906 3178 1946 3216 4.
1966 3168 2202 3214 etAteium

256 3236 412 3296 Capit.
429 3251 475 3298 p.
490 3245 578 3289 116,
594 3243 689 3286 not.
704 3248 745 3284 1.
768 3237 818 3285 ln
832 3238 937 3298 ipso
953 3238 1108 3285 edicto
1123 3237 1289 3285 Gaium
1301 3236 1527 3298 Ulpianus
1540 3236 1747 3283 imitatus
1761 3249 1864 3283 esse
1878 3234 2023 3282 videri
2036 3239 2203 3294 potest,

250 3304 394 3351 cuius
418 3303 504 3351 lib.
530 3304 566 3351 1.
595 3304 651 3351 ad
675 3305 875 3351 edictum
899 3305 955 3351 de
976 3304 1115 3352 rebus
1138 3303 1331 3351 creditis
1359 3303 1575 3350 laudatur
1596 3304 1673 3351 Fr.
1696 3302 1795 3349 Vat.
1823 3310 1935 3354 266„
1963 3300 2040 3359 qui
2062 3300 2204 3347 totius

251 3372 414 3433 operis
462 3377 561 3419 erat
593 3370 767 3426 XXVI.,
812 3372 903 3419 nisi
940 3372 1062 3419 hanc
1099 3377 1365 3432 separatam
1416 3371 1787 3417 numerationem
1822 3368 1880 3413 ad
1915 3365 2206 3425 posteriores

248 3437 483 3486 librarios
519 3438 698 3486 referre
733 3439 898 3487 mavis,
971 3435 1014 3498 ⁴)
1054 3439 1121 3486 De
1147 3452 1252 3500 qua,
1281 3437 1406 3498 quod
1432 3436 1725 3497 sequentium
1762 3444 1903 3478 causa
1931 3428 2200 3481 notandum,

247 3506 461 3553 rectiora
487 3505 618 3565 Hugo
646 3506 743 3554 Civ.
776 3507 894 3565 Mag.
924 3505 984 3552 11.
1012 3520 1063 3567 p.
1089 3512 1182 3552 245.
1222 3510 1265 3551 et
1300 3502 1549 3552 Goeschen
1579 3498 1809 3545 Zeitschr.
1842 3496 1872 3539 ἱ.
1899 3492 2061 3549 gesen.
2091 3492 2206 3539 RW.
