2546 3928
767 250 884 285 oAn
922 250 1121 284 meur.
1159 237 1263 286 111.
1305 239 1610 286 122—123.
1788 276 1793 281 .
2034 236 2152 293 155

216 383 497 449 quotquot
554 384 714 430 erunt
774 391 1032 445 numero,
1090 375 1294 447 singuli
1355 378 1407 431 in
1468 376 1701 431 solidum
1754 368 1764 451 Ι
1815 341 2290 457 obtiga11tur:}f³‘}j

216 463 416 532 itaque
448 461 685 516 liberum
720 466 805 515 est
838 461 1128 528 creditori,
1160 477 1194 514 α
1223 479 1335 532 quo
1361 464 1519 530 uelit,
1544 459 1780 516 solidum
1811 468 2026 532 petere:
2059 462 2161 515 sed

218 560 301 600 ex
345 547 591 614 epistula
639 545 761 600 diui
803 544 1103 599 Hadriani
1144 547 1507 615 compellitur
1552 544 1788 600 creditor
1832 561 1860 597 a
1905 544 2156 616 singuliS,

219 630 315 701 qui
347 627 508 684 modo
541 628 805 683 soluendo
838 632 982 697 sint,
1017 634 1227 698 partes
1245 635 1473 699 petere.
1538 645 1603 683 eo
1634 629 1805 701 igitur
1834 627 1998 682 distat
2027 628 2159 684 haee

219 712 455 785 epistula
499 730 526 767 a
570 712 694 786 lege
727 712 911 781 Furia,
960 711 1107 784 quod
1150 714 1194 766 si
1230 714 1352 785 quis
1397 729 1459 767 ex
1501 711 1858 786 sponsoribus
1893 721 1985 767 aut
2031 709 2157 766 fide·

216 796 642 871 promissoribus
684 796 950 851 soluendo
994 812 1102 850 non
1146 797 1246 866 sit,
1288 795 1418 853 ’non
1450 800 1575 853 ideo
1600 800 1738 867 plus
1768 815 1802 852 a
1837 803 2157 852 ceterorum

221 896 442 953 quoque
479 885 602 951 peti
628 873 862 951 possie.¹
931 880 1064 936 Cum
1099 888 1291 936 autem
1319 884 1421 938 leoe
1452 883 1629 937 Furia
1673 888 1891 937 tantum
1922 882 1979 935 in
2011 879 2157 935 ltalia

217 964 398 1019 locum
447 964 673 1034 habeat,
721 980 1075 1037 consequens
1120 973 1233 1037 est,
1282 974 1344 1021 ut
1386 970 1445 1022 in
1482 967 1802 1036 prouinciis
1862 981 2157 1038 sponsores

223 1065 442 1121 quoque
474 1057 527 1104 et
571 1047 1037 1121 fidepromissores
1083 1050 1313 1120 proinde
1360 1067 1420 1106 ac
1466 1048 1812 1106 fideiussores
1852 1051 1907 1104 in
1949 1047 2158 1121 ’perpe-

221 1127 418 1188 tuum²
463 1142 752 1195 teneantur
795 1141 851 1188 et
894 1133 1096 1205 singuli
1140 1135 1194 1187 in
1245 1134 1484 1191 vsolidum
1545 1133 1887 1208 obligentur,
1944 1134 2048 1188 nisi
2094 1149 2155 1186 ex

223 1217 455 1289 epistula
500 1217 609 1272 diui
642 1216 894 1272 Hadriani
939 1218 993 1272 hi
1035 1234 1258 1290 quoque
1301 1218 1570 1276 adiuuari
1608 1222 1927 1275 uideantur.
2018 1214 2151 1274 122.

218 1300 511 1357 Praeterea
579 1303 721 1357 inter
780 1316 1074 1374 sponsores
1136 1308 1192 1355 et
1257 1300 1726 1374 fidepromissores
1787 1301 1873 1356 lex
1932 1299 2157 1372 Apuleia

223 1385 492 1457 quandam
535 1387 852 1440 societatem
896 1385 1225 1440 introduxit:
1267 1402 1390 1441 nam
1422 1388 1466 1440 si
1501 1387 1622 1459 quis
1667 1385 1863 1439 horum
1906 1383 2029 1455 plus
2062 1400 2156 1437 sua

217 1471 479 1542 portione
533 1468 794 1537 soluerit,
849 1469 915 1523 de
959 1485 1055 1539 eo,
1114 1469 1257 1541 quod
1313 1468 1541 1541 amplius
1596 1468 1837 1536 dederit,
1892 1469 2159 1522 aduersus

218 1560 443 1608 ceteros
501 1555 781 1608 actionem
837 1552 1009 1607 habet
1052 1553 1149 1608 'ex
1206 1567 1276 1607 ea
1322 1555 1477 1624 2896,
1524 1568 1674 1626 quae
1720 1545 1978 1608 scilice13
2024 1559 2157 1606 ante

218 1635 402 1708 legem
438 1634 650 1690 Furiam
681 1635 787 1690 lata
820 1643 934 1706 est,
979 1653 1086 1708 quo
1121 1643 1366 1709 tempore
1401 1638 1451 1691 in
1486 1636 1717 1692 solidum
1750 1633 2158 1709 obligabantur:

221 1719 369 1774 unde
414 1721 719 1792 quaeritur,
768 1737 831 1774 an
873 1728 1000 1792 post
1041 1720 1216 1793 legem
1257 1720 1473 1776 Furiam
1519 1721 1693 1776 adbuc
1733 1719 1870 1793 legis
1902 1719 2159 1793 Apuleiae

75 1809 198 1866 [238]
221 1800 546 1858 beneficium
590 1805 854 1877 supersit3
911 1813 966 1859 et
1008 1806 1197 1878 utique
1247 1814 1399 1861 extra
1441 1806 1651 1861 Italiam
1705 1813 1990 1878 superest3
2036 1821 2156 1859 nam

223 1887 326 1943 lex
368 1887 583 1960 quidem
619 1888 772 1943 Furia
816 1895 1024 1943 tantum
1055 1891 1111 1944 in
1151 1889 1307 1945 ltalia
1343 1888 1514 1960 ualet,
1552 1889 1775 1962 Apuleia
1819 1906 1952 1944 uero
1997 1890 2156 1944 etiam

223 1974 277 2027 in
322 1973 519 2028 ceteris
565 1972 826 2044 ’praeter
865 1974 1097 2029 Italiam
1140 1976 1489 2046 reqionibus.
1553 1977 1682 2030 Alia
1728 1991 1871 2030 uero
1903 1981 1987 2029 est
2020 1976 2159 2044 fide-

223 2060 512 2113 iussorum
557 2059 815 2113 condicio
828 2082 845 2120 ;
888 2076 1021 2113 nam
1064 2061 1143 2113 ad
1169 2051 1310 2114 hos⁴
1354 2061 1457 2113 Iex
1487 2058 1710 2129 Apuleia
1743 2072 1853 2111 non
1894 2057 2159 2128 pertinet:

225 2142 409 2213 itaque
442 2142 484 2196 si
518 2140 759 2197 creditor
788 2140 851 2196 ab
886 2158 993 2196 uno
1026 2150 1203 2197 totum
1229 2151 1561 2198 consecutus
1586 2141 1767 2209 fuerit,
1802 2140 1961 2194 huius
1988 2138 2161 2194 solius

226 2219 615 2281 detrimentum
650 2229 785 2301 erit,
829 2226 1041 2281 scilieet
1069 2228 1116 2281 si
1147 2228 1221 2296 is,
1264 2242 1366 2299 pro
1399 2242 1508 2298 quo
1553 2224 1848 2295 fideiussit,
1893 2224 2158 2280 soluendo

226 2325 335 2363 non
367 2313 470 2365 sil.-
512 2312 617 2365 sed
643 2317 705 2366 ut
749 2327 827 2366 ex
866 2305 876 2388 Ι
914 2327 1074 2383 supra
1117 2309 1276 2366 dietis
1307 2318 1562 2383 apparet,
1596 2312 1671 2382 is,
1706 2327 1732 2364 a
1766 2326 1874 2383 quo
1922 2309 2160 2364 creditor
2181 2313 2295 2359 161.

230 2401 403 2449 totum
436 2394 605 2466 petit,
647 2396 851 2466 poterit
893 2412 957 2449 ex
1002 2396 1232 2468 epistula
1278 2396 1387 2450 diui
1434 2394 1680 2450 Hadriani
1722 2394 2066 2463 desiderare,
2100 2400 2159 2446 ut

227 2494 327 2549 pro
369 2485 526 2550 parte
567 2479 620 2532 in
652 2494 711 2532 se
743 2478 903 2533 detur
944 2481 1103 2533 aetio,
1181 2474 1312 2537 123.
1360 2477 1643 2533 Praeterea
1687 2477 1810 2547 lege
1841 2469 2161 2544 ’Pompeia5

226 2569 444 2616 cautum
476 2569 589 2632 est,
622 2570 683 2616 ut
715 2562 792 2633 is,
837 2564 930 2634 qui
960 2577 1255 2633 sponsores
1289 2569 1380 2615 aut
1411 2560 1883 2633 fldepromissores
1914 2558 2159 2631 accipiat,

228 2644 506 2718 praedicat
536 2645 707 2718 palam
734 2654 789 2701 et
819 2645 1077 2712 declaret,
1105 2653 1159 2700 et
1189 2645 1255 2699 de
1289 2660 1391 2716 qua
1423 2661 1481 2698 re
1512 2645 1642 2698 satis
1672 2644 1920 2715 accipiat,
1953 2651 2007 2697 et
2028 2649 2161 2714 quot

228 2746 521 2802 sponsores
554 2738 646 2785 aut
677 2728 1144 2802 fidepromissores
1176 2730 1229 2783 in
1275 2744 1386 2783 eam
1421 2727 1806 2801 obligationem
1839 2735 2160 2799 accepturus

228 2814 331 2882 sit3
381 2822 435 2869 et
480 2815 580 2868 nisi
626 2813 985 2887 praedixerit,
1031 2813 1370 2886 permittitur
1424 2811 1781 2884 sponsoribus
1827 2820 1881 2866 et
1927 2810 2161 2883 fidepro-

228 2897 547 2954 missoribus
615 2899 756 2953 intra
827 2897 966 2952 diem
1022 2916 1164 2953 xxx.
1223 2896 1611 2985 praeiudicium
1680 2895 1994 2968 postulare,
2052 2910 2161 2966 quo

368 3093 408 3157 ¹)
444 3095 663 3144 Restitm·
691 3096 756 3151 ib,
792 3113 846 3159 p.
875 3106 940 3147 89.
978 3096 1144 3144 Multa
1180 3096 1397 3143 intrudit
1434 3095 1688 3148 Poesclzm.
1727 3111 1778 3156 p.
1805 3106 1869 3145 1'1.
1976 3093 2018 3157 ²)
2054 3111 2159 3159 per·

228 3160 392 3228 petuo]
432 3162 615 3213 Sched.
656 3165 735 3212 ed.
767 3163 866 3226 By.
973 3161 1014 3226 ³)
1053 3167 1170 3212 ‘Iex
1195 3170 1357 3211 antem
1384 3164 1638 3226 Apuleia’
1667 3164 1783 3212 edd.
1884 3160 1927 3225 ⁴)
1972 3164 2162 3211 Partim

227 3248 298 3280 ex
338 3231 541 3279 Lac-hm.
580 3233 765 3292 partim
808 3248 878 3280 eoe
916 3231 1124 3281 Goesclz.
1170 3232 1238 3292 ej,
1278 3231 1491 3280 restitui.
1611 3227 1651 3297 ⁵)
1690 3232 1906 3281 Restitui
1939 3231 2159 3280 ‘Gaius’

221 3316 277 3362 p.
302 3310 369 3349 90.
408 3300 517 3346 Alli
540 3300 707 3352 aliter,

365 3465 415 3536 ξ.
444 3471 556 3517 122.
597 3470 667 3517 lex
692 3462 924 3532 Apuleia]
951 3466 1178 3527 fortasse
1204 3482 1251 3514 α.
1276 3483 1323 3514 u.
1353 3475 1443 3514 364.
1468 3496 1531 3504 —-
1562 3464 1640 3524 Cf.
1668 3465 1729 3511 L.
1755 3474 1820 3512 39.
1849 3463 1912 3514 D.
1940 3463 2002 3509 de
2020 3462 2160 3521 fidei.

229 3536 322 3600 (46,
352 3539 415 3598 1).
553 3533 602 3602 ξ.
632 3538 745 3585 123.
781 3535 883 3594 lege
918 3532 1159 3596 Pompeia]
1194 3540 1248 3581 ut
1270 3534 1490 3587 uidetur,
1529 3547 1574 3577 a.
1606 3546 1653 3577 u.
1676 3538 1768 3576 666.
1809 3528 1887 3587 Cf.
1915 3527 2082 3576 Sele.
2110 3528 2161 3575 in

231 3604 337 3654 Cic.
367 3612 502 3654 orat.
528 3606 579 3653 in
609 3604 747 3653 Clod.
776 3609 824 3651 et
856 3602 969 3650 Cur.
997 3617 1046 3664 p.
1075 3609 1165 3649 333.
1198 3599 1351 3648 Orell.
