2546 3928
834 215 948 251 mm
985 215 1189 252 nes-nr,
1231 202 1323 252 lv.
1365 204 1598 253 67—71.
2057 200 2184 260 205

248 359 375 398 rum
416 350 634 416 emptor
674 350 730 397 et
769 342 1001 397 inuicem
1043 340 1375 396 frumentum
1421 348 1512 396 aut
1554 343 1737 397 uinum
1784 343 1922 399 Titio
1964 341 2184 412 debeat,

251 427 489 482 deducto
532 426 588 481 ἀ
627 420 929 500 pecunr‘a,¹
995 427 1181 497 quanti
1223 425 1275 479 id
1321 426 1451 493 erit,
1499 427 1552 480 in
1583 425 1849 499 reliquum
1883 427 2179 497 experitur.

249 506 344 569 67.
392 511 523 565 Item
556 518 784 566 uocatur
812 511 864 565 in
889 508 1268 565 deductionem
1302 519 1357 564 et
1386 509 1463 581 id,
1494 509 1641 583 quod
1672 511 1726 564 in
1757 509 1897 565 diem
1922 508 2187 578 debetur-3

250 602 623 664 conpensatur
662 602 840 649 autem
883 594 988 650 hoc
1028 593 1234 663 solum,
1291 593 1437 666 quod
1490 595 1764 667 praesenti
1805 593 1889 649 die
1934 592 2181 649 debetur.

249 675 354 735 68.
400 678 682 734 Praeterea
712 679 1155 752 conpensationis
1187 678 1405 751 quidem
1440 679 1576 734 ratio
1609 679 1663 734 in
1694 679 1999 734 intentione
2031 679 2187 751 poni-

252 774 381 831 tur3
415 778 524 837 quo
555 760 639 833 fit,
670 771 731 819 ut
762 764 807 818 si
840 762 978 818 sacta
1009 764 1433 836 conpensatione
1463 762 1586 836 plus
1618 779 1836 819 nummo
1867 778 1976 817 uno
2010 762 2188 818 inten-

254 849 347 903 dat
388 849 762 921 argentariuS,
804 862 964 903 causa
1004 846 1158 902 cadat
1200 855 1257 902 et
1298 846 1368 902 ob
1409 847 1461 901 id
1507 862 1620 902 rem
1664 847 1881 921 perdat:
1931 845 2189 902 deductio

253 948 390 988 uero
421 932 483 987 ad
526 933 1031 988 condemnationem
1062 932 1317 1005 ponitur,
1351 948 1459 1005 quo
1490 931 1612 986 loco
1643 932 1766 1005 pius
1797 932 2004 1005 petenti
2045 933 2189 1004 peri·

255 1017 435 1073 cuium
479 1032 587 1072 non
617 1017 941 1084 interuenit3
992 1018 1181 1090 utique
1223 1015 1491 1071 bonorum
1533 1023 1783 1087 emptore
1821 1023 2049 1089 agente,
2095 1015 2189 1088 qui

250 1102 384 1158 licet
429 1100 494 1156 de
543 1109 689 1157 certa
738 1103 965 1175 pecunia
1004 1108 1161 1175 agat,
1208 1101 1399 1157 incerti
1444 1108 1622 1157 tamen
1681 1100 2186 1156 condemnationem

253 1186 512 1259 concipit.

383 1265 481 1326 69.
523 1269 655 1338 Quia
686 1278 866 1325 tamen
899 1269 1148 1342 superius
1180 1270 1506 1324 mentionem
1540 1256 1820 1325 habuimus
1855 1269 1919 1323 de
1950 1270 2186 1338 actione,

255 1370 362 1427 qua
408 1355 463 1409 in
505 1354 776 1427 peculium
819 1351 1286 1408 filiorumi'amilias
1317 1368 1713 1424 seruorumque
1751 1345 2003 1424 'agitur,²
2048 1367 2188 1422 opus

256 1446 373 1510 est,
422 1447 483 1492 ut
513 1438 580 1492 de
621 1437 723 1492 hac
752 1438 964 1491 actione
995 1444 1050 1491 et
1082 1437 1149 1490 de
1189 1438 1414 1499 ceteriS,
1461 1451 1596 1507 quae
1627 1434 1938 1490 eorumdem
1971 1434 2188 1489 nomine

253 1524 313 1577 in
356 1531 607 1596 parentes
650 1519 969 1575 dominosue
1010 1520 1122 1573 dari
1171 1518 1381 1587 solent,
1431 1517 1746 1592 diligentius
1789 1518 2187 1574 admoneamus.

254 1601 357 1661 70.
390 1605 448 1660 ln
480 1605 665 1677 primis
695 1605 879 1676 itaque
903 1605 947 1658 si
977 1605 1130 1658 iussu
1163 1604 1332 1676 patris
1357 1602 1629 1658 dominiue
1660 1604 1942 1676 negotium
1974 1609 2190 1675 gestum

262 1690 386 1758 erit,
431 1689 482 1743 in
525 1687 757 1743 solidum
789 1696 1008 1761 praetor
1039 1689 1306 1743 actionem
1351 1688 1404 1742 iu
1446 1696 1653 1759 patrem
1686 1686 2032 1743 dominumue
2062 1701 2193 1742 con-

255 1773 499 1847 parauit:
543 1780 599 1828 et
637 1781 816 1840 recte,
861 1774 983 1846 quia
1026 1773 1117 1845 qui
1158 1773 1233 1827 ita
1276 1772 1555 1846 negotium
1588 1772 1762 1845 gerit,
1809 1772 1979 1845 magis
2021 1771 2191 1844 patris

260 1858 535 1912 domiuiue
578 1872 734 1930 quam
780 1855 876 1911 filii
919 1858 1136 1912 seruiue
1180 1854 1339 1911 fidem
1385 1857 1649 1930 sequitur.
1740 1853 1823 1913 71.
1869 1854 2064 1912 Eadem
2107 1871 2191 1910 ra·

257 1939 408 1998 tioiie
447 1934 458 2019 Ι
497 1942 828 2014 comparauit
859 1940 991 1997 duas
1024 1941 1155 1998 alias
1186 1942 1446 2010 actioneS,
1477 1941 1854 1997 exercitoriam
1886 1949 1939 1997 et
1967 1941 2186 1996 instito-
2205 1950 2320 2003 214,

257 2028 421 2082 riam:
468 2035 598 2082 tunc
638 2034 814 2081 autem
860 2028 1184 2082 exercitoria
1225 2026 1405 2081 locum
1452 2024 1632 2095 habet,
1665 2042 1785 2080 cum
1827 2033 1981 2097 pater
2020 2023 2193 2079 domi·

258 2127 436 2166 nusue
491 2109 656 2166 filium
712 2126 1002 2165 seruumue
1055 2111 1373 2183 magistrum
1433 2101 1614 2163 'naui3
1667 2110 2077 2181 praeposuerit,
2137 2116 2192 2164 et

116 2200 245 2260 [289]
271 2195 414 2269 quod
458 2211 579 2251 cum
612 2210 678 2249 eo
722 2195 838 2249 eius
880 2196 959 2249 rei
991 2195 1183 2267 gratia,
1228 2195 1318 2250 cui
1360 2194 1706 2266 praepositus
1745 2191 1865 2262 suit,
1908 2194 2191 2266 negotium

266 2288 480 2354 gestum
534 2280 668 2347 erit;
722 2295 845 2335 cum
897 2280 1037 2333 enim
1080 2294 1139 2333 ea
1184 2294 1404 2351 quoque
1456 2293 1545 2333 res
1586 2294 1649 2333 ex
1694 2277 1972 2333 uoluntate
2023 2278 2192 2351 patris

265 2365 539 2419 dominiue
581 2364 827 2427 contrahi
859 2364 1123 2431 uideatur,
1171 2363 1552 2435 aequissimum
1582 2366 1853 2434 praetori
1879 2364 2055 2418 uisum
2086 2370 2188 2426 est,

265 2449 318 2503 in
361 2447 593 2504 solidum
634 2449 899 2504 actionem
948 2446 1091 2502 dari:
1148 2448 1280 2520 quin
1324 2448 1504 2517 etiam,
1548 2446 1673 2503 licet
1712 2455 2025 2502 extraneum
2070 2448 2191 2518 quis

267 2546 674 2606 quemcumque
704 2535 1035 2605 mayistrum
1065 2535 1205 2587 naui
1231 2532 1632 2604 praeposuerit,
1676 2532 1792 2586 siue
1823 2545 2044 2585 seruum
2074 2530 2192 2584 siue

260 2615 510 2687 liberum,
543 2624 722 2671 tamen
753 2631 815 2671 ea
843 2617 1111 2688 praetoria
1143 2617 1282 2671 actio
1312 2614 1367 2670 in
1399 2630 1520 2670 eum
1551 2614 1825 2670 redditur:
1855 2613 1979 2670 ideo
2011 2623 2193 2670 autem

262 2702 579 2757 exercitoria
611 2694 751 2756 actio
783 2699 1108 2772 appellatur,
1136 2703 1256 2773 quia
1291 2701 1559 2756 exercitur
1590 2708 1814 2755 uocatur
1844 2701 1907 2771 is,
1936 2699 1999 2756 ad
2033 2715 2191 2773 quem

400 2914 442 2978 ¹)
485 2916 572 2966 Ex
607 2916 663 2967 C.
699 2917 881 2966 addidi
904 2920 920 2947 ‘
938 2915 1123 2966 Gaius’
1155 2932 1208 2980 p.
1236 2926 1327 2966 175.
1432 2912 1490 2979 ²)'
1516 2915 1606 2964 Ex
1632 2913 1762 2963 Inst.
1801 2922 1965 2974 agatur
1989 2912 2044 2962 C.
2071 2914 2188 2963 edd.

260 2983 304 3049 ³)
344 2984 435 3034 Ex
459 2984 593 3034 1πεί.
626 2986 761 3033 nauis
786 2983 950 3034 G..ed.
976 2982 1074 3047 By.

399 3167 448 3237 3.
482 3171 564 3219 67.
612 3169 693 3232 Cf.
736 3170 795 3219 L.
831 3181 855 3220 7
889 3187 969 3235 pr.
1008 3170 1072 3221 D.
1111 3171 1175 3220 de
1210 3184 1459 3232 compens.
1503 3166 1607 3231 (16,
1632 3163 1708 3234 2).
1857 3164 1908 3236 3.
1943 3169 2025 3219 68.
2063 3169 2110 3218 b.
2149 3183 2190 3219 e.

264 3237 451 3300 agente]
489 3240 521 3286 ἰ.
550 3253 593 3287 e.
622 3239 799 3291 cumb.
826 3243 1023 3300 emptor
1045 3242 1130 3300 sit,
1157 3238 1243 3302 qui
1265 3244 1404 3300 ayat.
1464 3237 1633 3287 incerti
1661 3245 1692 3286 t.
1722 3253 1763 3291 c,
1791 3231 1857 3300 c.]
1892 3244 2046 3299 puta:
2073 3236 2194 3283 ‘de-

262 3307 438 3364 duclo,
477 3307 613 3370 quod
643 3307 847 3354 invicem
881 3305 1271 3366 defraudator-is
1304 3306 1497 3354 nomine
1532 3304 1596 3353 N.
1634 3305 1744 3353 Nus
1778 3304 1844 3351 A.
1874 3304 1957 3351 Ao
1992 3301 2191 3361 debeat,

264 3376 442 3438 quanti
474 3375 530 3422 id
563 3377 689 3436 eric,
727 3374 864 3438 quod
892 3381 1154 3436 superest,
1189 3374 1242 3421 in
1276 3378 1467 3421 tantam
1501 3369 1792 3435 pecuniam'
1829 3375 1925 3416 etc.
1967 3368 2194 3416 Ceterum

262 3443 333 3503 cf.
359 3436 413 3508 3.
442 3450 491 3491 52
509 3441 600 3502 fin.
737 3437 788 3508 3.
815 3442 895 3490 69.
924 3460 990 3480 =
1012 3456 1095 3503 pr.
1130 3440 1179 3492 Ι.
1252 3441 1354 3490 uod
1391 3455 1430 3490 e.
1469 3454 1528 3487 eo
1564 3454 1611 3501 q.
1648 3438 1699 3484 in
1734 3434 1905 3485 aliena
1979 3472 1991 3483 .
2027 3434 2092 3495 (4,
2128 3433 2192 3494 7).

263 3505 503 3574 superius]
540 3510 606 3570 cf.
633 3515 737 3559 not.
766 3518 788 3556 7
822 3508 893 3557 ad
930 3505 980 3570 3.
1014 3518 1078 3557 60.
1218 3457 1269 3572 3.
1303 3509 1382 3555 70.
1408 3525 1479 3545 ==
1499 3502 1550 3570 3.
1575 3516 1614 3552 1.
1646 3502 1691 3551 l.
1717 3502 1783 3550 ib.
1964 3539 1974 3550 .
2004 3502 2084 3550 71.
2117 3499 2192 3561 Cf.

263 3572 315 3642 S.
345 3587 388 3628 2.
413 3576 462 3629 1.
487 3576 551 3626 ib.
575 3577 725 3628 Paul.
751 3587 791 3637 2,
818 3586 859 3625 6.
