2546 3928
324 191 447 247 130
902 205 1021 239 (un
1056 204 1259 239 msrrr.
1305 190 1405 245 111.
1446 192 1676 240 17-24.

322 330 412 385 uel
445 337 725 403 quattuor,
775 336 957 384 utrum
1001 330 1054 383 in
1100 331 1300 402 stirpes
1343 329 1633 383 diuidenda
1676 330 1746 383 sit
1777 328 2066 397 hereditas,
2118 331 2271 385 sicut

323 416 468 469 inter
497 431 628 468 suos
661 413 889 468 heredes
933 414 1064 467 iuris
1109 422 1211 484 est,
1256 430 1323 467 an
1356 415 1540 486 potius
1571 415 1624 467 in
1657 415 1848 486 capita.
1910 412 2023 467 Iam
2058 413 2269 468 dudum

322 506 503 554 tamen
534 497 754 570 placuit,
803 499 854 551 in
889 498 1060 569 capita
1103 497 1442 552 diuidendam
1485 514 1604 552 esse
1650 497 2032 566 hereditatem3
2076 499 2269 570 itaque

327 589 602 656 quotquot
644 588 805 636 erunt
848 581 913 636 ab
956 590 1185 653 utraque
1229 589 1384 654 parte
1427 597 1712 653 personae,
1757 583 1811 635 in
1856 588 1937 635 tot
1980 583 2268 653 portiones

323 666 593 722 hereditas
629 665 920 735 diuidetur,
959 667 1032 720 ita
1065 673 1124 720 ut
1155 665 1358 738 singuli
1390 665 1638 738 singulas
1670 665 1953 738 portiones
1985 667 2177 721 serant.

448 747 531 808 17.
579 749 635 805 Si
668 750 853 805 nullus
894 757 1123 824 agnatus
1155 751 1246 820 sit,
1292 749 1475 804 eadem
1522 749 1621 805 lex
1662 766 1753 805 xu
1796 748 2092 804 tabularum
2132 767 2270 822 gen-

327 835 447 890 tiles
495 834 559 889 ad
604 834 961 890 hereditatem
1007 843 1181 889 uocat.
1272 831 1373 900 Qui
1418 834 1528 889 sint
1572 841 1748 888 autem
1791 833 2048 906 gentiles,
2089 835 2269 905 primo

195 913 731 996 130,com}mentario
774 919 1114 987 rettulimus;
1169 927 1222 974 et
1265 934 1386 972 cum
1431 917 1542 973 illic
1584 917 2042 982 admonuerimuS,
2088 925 2270 973 totum

330 1003 667 1078 gentilicium
700 1003 783 1056 ius
815 1004 868 1056 in
901 1002 1313 1057 desuetudinem
1346 1001 1538 1071 abisse,
1585 1017 1979 1073 superuacuum
2013 1010 2118 1074 est,
2164 1002 2272 1057 hoc

337 1103 556 1161 quoque
588 1086 710 1141 loco
742 1085 828 1140 'de
860 1086 1043 1141 eadem
1077 1103 1133 1140 re
1163 1079 1406 1142 iterum¹
1444 1087 1720 1141 curiosius·
1744 1093 1995 1141 tractare.

466 1168 555 1226 18.
605 1169 875 1224 Hactenus
907 1170 1028 1243 lege
1058 1189 1152 1226 ΧΠ
1183 1169 1485 1225 tabularum
1518 1168 1698 1225 finitae
1729 1178 1856 1224 sunt
1888 1170 2273 1226 intestatorum

331 1247 811 1328 '(2'nyenuorum)²
846 1254 1198 1309 hereditates:
1246 1254 1393 1327 quod
1427 1254 1509 1308 ius
1543 1253 1992 1327 quemadmodum
2023 1255 2274 1309 strictum

336 1340 517 1411 fuerit,
574 1339 746 1412 palam
802 1346 885 1394 est
936 1339 1278 1413 intellegere.
1390 1335 1480 1393 19.
1542 1338 1731 1393 Statim
1775 1340 1915 1393 enim
1954 1337 2277 1410 emancipati

332 1425 490 1479 liberi
534 1423 742 1479 nullum
785 1425 869 1479 ius
913 1425 967 1479 in
1014 1423 1366 1480 hereditatem
1410 1425 1652 1495 parentis
1696 1439 1758 1477 ex
1803 1440 1868 1479 ea
1896 1422 2020 1496 lege
2050 1422 2276 1493 habent,

334 1525 456 1564 cum
502 1509 762 1564 desierint
794 1510 876 1573 sui
908 1508 1135 1564 heredes
1168 1524 1306 1563 esse.
1406 1503 1509 1563 20.
1574 1507 1715 1562 ldem
1745 1509 1878 1561 iuris
1911 1517 2015 1578 est,
2059 1508 2103 1561 si
2149 1506 2275 1562 ideo

334 1593 490 1648 liberi
533 1610 641 1649 non
687 1593 797 1647 sint
840 1595 891 1647 in
938 1600 1210 1665 potestate
1252 1592 1440 1665 patriS,
1487 1581 1761 1663 quia'sint
1803 1608 1922 1646 cum
1954 1607 2020 1646 eo
2055 1593 2278 1647 ciuitate

333 1677 566 1733 Romana
613 1676 819 1747 donati,
864 1693 963 1732 nec
994 1677 1060 1731 ab
1101 1679 1429 1749 imperatore
1469 1677 1524 1731 in
1564 1682 1893 1749 potestatem
1924 1676 2127 1732 redacti
2157 1676 2276 1731 fue-

333 1763 463 1815 rint.
554 1757 646 1817 21.
695 1759 827 1815 Item
860 1761 1040 1832 agnati
1084 1761 1257 1833 capite
1305 1760 1552 1815 diminuti
1584 1777 1694 1815 non
1726 1760 2090 1816 admittuntur
2119 1777 2181 1815 ex
2215 1776 2273 1814 ea

337 1845 461 1916 lege
512 1845 577 1898 ad
621 1842 1000 1913 hereditatem,
1044 1845 1167 1915 quia
1211 1859 1410 1898 nomen
1452 1845 1759 1917 agnationis
1801 1845 1990 1916 capitis
2036 1845 2279 1899 deminu-

336 1929 487 1984 tione
515 1927 832 2003 perimitur.
920 1924 1015 1986 22.
1060 1927 1191 1983 ltem
1217 1929 1463 2001 proximo
1495 1937 1695 2003 agnato
1726 1945 1833 1984 non
1865 1928 2096 1984 adeunte
2125 1929 2281 1985 here-

333 2012 574 2085 ditatem,
617 2013 787 2069 nihilo
842 2015 1015 2089 magis
1057 2030 1289 2086 sequens
1334 2013 1450 2069 iure
1492 2013 1736 2087 legitimo
1767 2013 2085 2068 admittitur.
2176 2010 2277 2070 23.

329 2098 464 2153 Item
496 2098 724 2154 feminae
766 2109 1014 2173 agnatae
1058 2115 1431 2172 quaecumque
1476 2100 2005 2171 consanguineorum
2047 2096 2280 2171 gradum
2303 2103 2426 2174 [213]

332 2183 618 2248 excedunt,
662 2182 798 2237 nihil
828 2187 963 2239 iuris
997 2201 1062 2238 ex
1093 2184 1216 2256 lege
1247 2176 1518 2238 'habent.3
1608 2179 1706 2240 24.
1756 2181 2015 2237 Similiter
2044 2198 2154 2236 non
2187 2182 2281 2237 ad-

329 2268 623 2320 mittuntur
654 2270 898 2338 cognati,
942 2271 1032 2339 qui
1063 2283 1164 2341 per
1194 2265 1433 2322 feminini
1477 2283 1640 2321 sexus
1685 2282 1945 2339 personas
1979 2267 2282 2322 necessitu-

329 2348 453 2404 dine
494 2351 819 2423 iunguntur,
864 2352 998 2407 adeo
1033 2349 1270 2424 quidem,
1319 2361 1380 2405 ut
1423 2367 1523 2407 nec
1566 2352 1708 2406 inter
1749 2358 1970 2405 matrem
2016 2359 2070 2405 et
2106 2349 2279 2406 filium

331 2432 566 2489 filiamue
621 2432 768 2489 ultro
823 2438 1070 2510 citroque
1124 2435 1440 2491 hereditatis
1495 2434 1782 2509 capiendae
1846 2438 1929 2489 ius
1983 2444 2279 2509 competat,

470 2665 509 2731 ¹)
550 2669 607 2716 de
632 2670 796 2717 eadem
824 2685 874 2718 re
899 2668 963 2718 tiri
990 2668 1189 2730 Seked„
1216 2684 1344 2733 quae
1367 2674 1627 2731 postrema
1652 2682 1722 2715 ex
1747 2667 1842 2720 issfi
1868 2674 1991 2715 nata
2016 2665 2268 2727 videntur,

333 2741 387 2783 ut
410 2734 563 2797 Huyo
589 2737 660 2797 eJ’.
689 2737 746 2785 de
765 2752 819 2784 ea
845 2752 895 2785 re
923 2736 1044 2786 Coll.
1072 2743 1121 2785 et
1146 2738 1261 2785 edd.
1293 2737 1350 2784 de
1375 2735 1540 2783 eadem
1568 2750 1618 2782 re
1644 2734 1741 2796 By.
1767 2736 1852 2783 ed.
1877 2745 1918 2783 5.
1979 2732 2022 2796 ²)
2054 2736 2265 2791 Addidi,

334 2802 471 2867 quod
502 2802 562 2852 ob
594 2805 963 2853 similitudinem
997 2819 1103 2852 cum
1148 2820 1193 2853 v.
1225 2805 1550 2852 intestatorum
1588 2803 1844 2851 excidisse
1879 2804 2093 2851 videtur.
2150 2802 2270 2851 Vid.

333 2872 461 2919 enim
486 2868 537 2933 3.
563 2881 629 2920 39.
656 2876 707 2919 et
735 2870 851 2934 Utp.
878 2881 944 2932 26,
969 2883 1006 2919 1.
1032 2882 1099 2934 27,
1122 2882 1158 2919 1.
1223 2868 1263 2933 ³)
1296 2871 1481 2919 habent'
1509 2869 1568 2920 G.
1606 2870 1877 2918 Fortasse.-
1904 2870 2079 2919 habere
2104 2870 2242 2918 uiden
2260 2899 2276 2906 -

337 2946 434 2993 tur;
471 2939 590 3002 quia
613 2938 707 2987 lzoc
739 2954 838 2989 non
871 2945 973 2987 tam
997 2954 1067 2988 ex
1100 2941 1208 2999 [eye
1247 2953 1394 3002 quam
1419 2952 1490 2985 ex
1514 2938 1951 2999 interpretatione
1976 2939 2082 2986 eius
2107 2938 2274 2987 venie·

337 3004 438 3057 bat.
476 3004 556 3066 Cf.
582 3004 635 3067 3.
663 3016 727 3055 14.
757 3008 950 3069 placuit.

344 3223 422 3285 Cf.
452 3223 597 3287 Epic.
624 3227 657 3273 l.
684 3239 726 3276 c.
755 3223 872 3287 Ulp.
900 3234 968 3285 26,
994 3234 1033 3273 4.
1064 3224 1243 3275 coelat.
1272 3234 1340 3284 16,
1366 3234 1405 3273 3.
1433 3221 1524 3286 33.
1544 3234 1607 3273 17.
1630 3234 1692 3275 19.
1719 3221 1771 3287 3.
1791 3234 1831 3277 4.
1858 3224 1906 3273 Ι.
1929 3225 2048 3276 eod.
2119 3220 2171 3288 ἓ.
2200 3225 2286 3278 17.

347 3291 427 3353 Cf.
454 3291 634 3345 Collat.
661 3301 725 3353 16,
752 3301 791 3343 3.
831 3291 883 3354 3.
908 3302 950 3341 3.
1058 3287 1109 3357 ξ.
1142 3293 1221 3342 18.
1263 3291 1344 3353 Cf.
1368 3308 1451 3355 pr.
1478 3291 1528 3341 I.
1554 3294 1618 3340 de
1643 3291 1740 3341 SC.
1789 3292 1996 3343 Tertull.
2023 3294 2090 3351 (3,
2115 3292 2177 3351 3).

384 3399 396 3411 .
429 3361 503 3408 19.
544 3359 624 3419 Cf.
656 3357 710 3422 3.
738 3369 778 3412 9.
816 3359 867 3408 Ι.
894 3361 957 3409 de
982 3359 1157 3408 hered.
1193 3377 1240 3423 q.
1266 3359 1329 3408 ab
1353 3361 1444 3411 int.
1486 3356 1549 3419 (3,
1578 3356 1638 3422 1).
1750 3356 1800 3425 ἓ.
1829 3361 1910 3409 20.
1954 3359 2032 3420 Cf.
2059 3372 2096 3418 1,
2125 3370 2192 3409 93.
2219 3371 2289 3409 94.

390 3463 400 3474 .
428 3428 509 3478 21.
553 3426 632 3487 Cf.
654 3442 738 3490 pr.
765 3426 815 3475 I.
843 3428 906 3475 de
931 3441 1066 3475 auce.
1093 3442 1237 3489 σορκ.
1279 3426 1342 3487 (3,
1367 3425 1431 3489 5).
1473 3425 1588 3488 Uip.
1613 3436 1680 3487 27,
1707 3436 1747 3475 5.
1783 3427 1925 3488 infra
1950 3424 2002 3489 3.
2029 3436 2097 3476 27.
2124 3443 2289 3489 supra

349 3501 504 3551 1,158.
613 3490 665 3559 §-
704 3495 787 3547 22.
826 3494 907 3555 Cf.
936 3493 1033 3557 gg.
1061 3505 1125 3543 12.
1152 3503 1220 3543 28.
1316 3489 1368 3559 ξ.
1395 3495 1479 3543 23.
1519 3492 1600 3556 Cf.
1628 3492 1680 3557 3.
1709 3504 1770 3542 14.
1856 3489 1906 3559 §.
1935 3496 2017 3542 24.
2055 3493 2137 3555 Cf.
2169 3494 2288 3558 Ulp.

350 3567 417 3617 26,
442 3569 478 3608 7.
507 3568 546 3613 8,
569 3575 654 3622 pr,
682 3560 730 3608 I.
757 3562 820 3610 de
846 3561 940 3611 SC.
977 3561 1182 3611 Ter-tull.
1212 3560 1276 3624 (3,
1300 3564 1372 3624 ⁷3).
