2546 3928
1141 160 1319 195 Garvs.
2151 147 2187 202 9

255 281 338 332 20.
380 281 668 329 loo—102.
709 281 822 329 105.
869 279 981 328 183.
1023 281 1134 330 185.
1174 282 1289 331 197.
1327 282 1444 329 200.
1482 282 1533 340 2,
1574 283 1622 331 7.
1661 282 1742 329 21.
1782 282 1866 332 24.
1893 283 1975 332 27.
2005 282 2085 333 31.
2111 282 2193 329 40.

246 349 339 399 63.
377 348 494 396 278.
532 349 580 408 3,
623 348 733 395 121.
774 349 886 395 122.
925 349 974 408 4,
1019 346 1170 410 109.).
1241 347 1559 411 Eodemque
1598 348 1857 411 pertinet,
1906 348 2049 411 quod
2086 363 2194 397 non

226 413 417 464 modo
457 383 699 462 edictum
735 414 1002 476 urbicum,
1041 415 1136 464 sed
1179 415 1347 463 etiam
1374 414 1712 478 provinciale
1750 416 2047 479 separatim
2087 416 2194 479 pri-

134 485 227 541 [87]
256 496 376 539 mus
422 485 477 529 et
525 480 673 530 solus
719 483 1122 546 interpretatus
1172 486 1276 544 est,
1328 482 1579 545 quodque
1628 482 1877 545 linguam
1924 482 2193 532 Graecam

255 549 1045 676 Ξῧῗῗῗέῗέἒῖἓ99ὲ99ἓ3ἓ9.
1068 549 1211 676 ς99ῗ.
1236 551 1406 668 {3⁹}
1447 550 1511 598 9
1550 551 1635 666 ἷ9·
1671 549 1739 598 D·
1774 549 1908 679 3⁰30,
1924 543 2090 677 ¹5³5?
2129 550 2194 602 9

1385 631 1414 664 e
1449 631 1547 666 ver
1641 618 1766 681 sign

357 735 664 783 Praeterea
710 734 994 798 ingenium
1031 732 1301 783 Graecum
1348 734 1547 798 prodit,
1598 733 1737 797 quod
1775 733 1966 795 Gaius,
2012 748 2196 796 quam-

172 800 179 804 ”
254 801 342 850 vis
385 806 440 850 et
476 801 597 865 ipse
635 802 720 850 ius
765 801 830 850 de
877 801 993 850 iure
1031 801 1398 866 respondendi
1448 818 1515 851 ex
1552 802 1890 851 auctoritate
1928 801 2194 866 principis

257 868 327 917 ab
376 869 703 931 imperatore
749 874 952 918 nactus
1001 883 1121 918 esse
1169 868 1414 918 dubitari
1460 884 1569 918 non
1614 867 1851 930 debeat,¹
1911 868 2194 918 doctrinae

257 951 325 985 ac
350 935 520 985 libros
549 936 845 986 scribendo
874 951 1032 999 quam
1059 936 1176 986 foro
1213 941 1266 985 et
1305 936 1690 1000 respondendo
1728 951 1787 986 se
1827 935 1958 985 dare
1985 935 2194 985 maluit.

255 1002 322 1051 In
370 1003 530 1052 libris
585 1007 770 1052 autem
828 1003 1132 1053 scribendis
1187 1018 1387 1052 novam
1443 1005 1660 1053 omnino
1714 1005 1863 1053 viam
1911 1003 2194 1067 ingressus

257 1073 359 1131 est,
408 1075 470 1119 ut
515 1070 720 1134 primus
766 1075 934 1120 totum
981 1072 1114 1120 iuris
1161 1070 1341 1121 civilis
1388 1085 1523 1135 opus
1572 1070 1641 1120 ad
1691 1075 1864 1120 artem
1900 1085 2193 1121 revocasse

256 1137 366 1185 dici
411 1139 605 1202 possit.
684 1139 1072 1188 Divisionibus
1128 1139 1271 1187 enim
1326 1143 1386 1187 ut
1439 1139 1613 1188 bonus
1663 1140 1930 1203 magister
1976 1139 2195 1186 omnino

256 1204 545 1268 plurimum
595 1206 863 1267 tribuens,
908 1205 993 1255 vel
1037 1206 1097 1254 in
1143 1210 1257 1255 toto
1306 1205 1587 1255 scribendi
1634 1221 1799 1270 opere
1845 1205 2197 1269 bipertitione

259 1271 496 1335 quadam
536 1287 722 1321 omnes
766 1273 903 1322 iuris
940 1273 1136 1330 fonteS,
1187 1287 1323 1336 quos
1360 1276 1492 1322 tunc
1537 1274 1647 1321 iuri
1685 1287 1904 1338 operam
1942 1272 2195 1321 daturum

256 1340 493 1386 maxime
566 1353 729 1389 nosse
803 1341 1108 1403 oportebat,
1181 1339 1497 1403 complexus
1556 1355 1679 1389 esse
1740 1339 2190 1404 deprehenditur:

257 1421 593 1468 quanquam,
638 1421 759 1454 cum
805 1407 1073 1456 eiusmodi
1115 1406 1348 1469 partitio
1393 1412 1572 1456 totum
1607 1406 1743 1455 illud
1790 1422 1982 1456 aevum
2021 1408 2194 1456 tacite

257 1476 502 1535 regeret,
552 1473 716 1520 etiam
755 1473 931 1535 magis
966 1475 1091 1537 ipsa
1137 1488 1194 1520 re
1235 1486 1399 1534 quam
1436 1474 1664 1521 consilio
1702 1475 1764 1521 in
1796 1489 1914 1521 eam
1950 1473 2194 1522 incidere

260 1537 460 1602 potuit.
518 1539 718 1600 Itaque
746 1539 968 1602 scripsit
1005 1539 1072 1587 ad
1111 1539 1266 1602 leges
1296 1539 1399 1588 ΧΠ
1437 1539 1773 1598 tabularum,
1812 1539 2019 1588 veteris
2045 1540 2199 1600 iuris,

260 1609 320 1654 et
358 1604 428 1652 ad
466 1603 637 1669 legem
676 1604 874 1652 Iuliam
915 1610 969 1654 et
1004 1607 1252 1670 Papiam,
1300 1605 1430 1654 novi
1466 1606 1600 1655 iuris
1639 1576 1820 1655 civilis
1854 1606 2210 1669 potissimum

257 1672 963 1736 fontem.1nterpretatus
999 1674 1132 1722 item
1172 1677 1256 1721 est
1296 1672 1534 1722 edictum
1571 1678 1875 1739 utrumque,
1913 1673 1970 1721 id
1999 1677 2084 1724 est
2110 1689 2199 1722 ur—

255 1740 443 1789 bicum
492 1743 547 1788 et
585 1738 954 1803 provinciale.
1001 1740 1107 1789 hac
1144 1744 1306 1804 parte
1354 1740 1519 1790 etiam
1555 1740 1837 1804 propalam
1876 1742 2194 1791 Labeonem

256 1822 357 1870 pro
396 1811 607 1855 mutata
645 1821 821 1855 rerum
868 1807 1192 1858 condicione
1238 1808 1505 1868 imitatuS,
1556 1809 1649 1871 qui
1695 1808 1764 1857 ad
1805 1808 1990 1858 edicta
2026 1809 2195 1858 Prae

257 1875 398 1924 toris
442 1873 643 1923 urbani
691 1879 745 1922 et
790 1874 1061 1939 peregrini
1108 1877 1387 1939 separatis
1431 1875 1589 1924 libris
1639 1876 1943 1938 scripserat
1988 1876 2074 1936 (L.
2115 1879 2195 1925 19.

257 1943 325 1993 D.
365 1940 429 1991 de
464 1941 615 1991 verb.
665 1942 854 2006 signif.
904 1946 985 2003 50,
1025 1944 1102 1996 16.
1139 1943 1203 1996 L,
1245 1944 1292 1992 9.
1332 1943 1377 2003 ξ.
1414 1945 1461 1993 4.
1507 1942 1573 1991 D.
1612 1943 1679 1991 de
1726 1943 1832 1993 dol.
1872 1942 1998 1993 mal.
2035 1945 2085 1998 4,
2124 1944 2197 2004 3).

257 2010 518 2073 Denique
565 2010 652 2058 ius
688 2010 870 2073 civile,
920 2011 1061 2074 quod
1110 2025 1177 2059 ex
1222 2011 1505 2073 responsis
1552 2009 1902 2074 prudentium
1948 2011 2200 2070 fluxerat,

258 2078 461 2142 partim
509 2077 773 2126 traditum
819 2076 976 2127 libris
1023 2093 1089 2127 ex
1126 2076 1189 2138 Q.
1226 2076 1440 2126 Μικιίο2
1488 2076 1676 2139 factis,
1725 2077 1814 2140 qui
1862 2077 2067 2141 primus
2112 2077 2200 2127 ius

260 2144 426 2194 civile
468 2144 838 2193 constituerat
874 2143 959 2208 (L.
998 2147 1048 2194 2
1087 2147 1131 2205 ξ.
1157 2147 1240 2196 41.
1278 2146 1346 2196 D.
1386 2143 1453 2193 de
1493 2145 1629 2208 orig.
1667 2146 1767 2193 iur.
1810 2146 1853 2205 1,
1891 2145 1944 2205 2)
1985 2143 2198 2194 addito·

262 2226 386 2275 que,
431 2215 494 2259 ut
529 2211 627 2261 ille
669 2211 778 2260 alio
815 2215 1031 2261 tantum
1067 2212 1283 2262 nomine
1324 2202 1517 2276 (ὅρων)
1557 2213 1791 2272 fecerat,
1831 2180 1972 2262 l’ibro
2009 2212 2197 2275 singu-

258 2280 395 2336 laii
411 2266 479 2327 de
517 2278 741 2342 regulis,
790 2280 990 2343 partim
1038 2283 1156 2329 arte
1205 2280 1439 2344 quadam
1486 2250 1842 2343 composittim
1882 2279 2197 2343 regularum

256 2344 474 2407 libris,³
518 2346 821 2395 accedente
861 2347 927 2396 de
966 2347 1188 2396 casibus
1226 2342 1519 2411 (exceptis)
1563 2346 1705 2396 libro
1742 2347 2028 2410 singulari,
2078 2360 2198 2396 exe·

261 2419 426 2463 cutus
463 2418 564 2462 est.
625 2413 731 2462 Sed
766 2429 875 2463 non
910 2414 1271 2464 satisfaciens
1309 2415 1430 2471 sibi,
1467 2414 1578 2463 nisi
1615 2419 1671 2463 et
1707 2415 2004 2463 universae
2040 2413 2201 2461 iuris-

260 2481 586 2545 prudentiae
633 2482 688 2529 in
737 2480 1220 2530 artem-redactae
1266 2482 1563 2544 imaginem
1611 2479 1974 2542 exsculperet,
2029 2480 2198 2527 etiam

264 2563 464 2598 novam
491 2547 706 2596 addidit
731 2548 936 2612 bigam,
973 2548 1385 2607 Institutiones,
1423 2562 1523 2610 per
1549 2560 1690 2608 quas
1727 2545 1796 2594 ad
1829 2545 2199 2610 iurispruden·

261 2617 401 2664 tiam
448 2615 812 2680 adspirantes
853 2615 982 2664 viva
1036 2614 1287 2678 magistri
1331 2629 1466 2664 voce
1514 2613 1858 2675 docerentur,
1914 2619 1968 2664 et
2019 2629 2198 2663 rerum

263 2682 708 2746 quotidianarum
751 2682 923 2731 libros
969 2688 1200 2746 septem,
1248 2696 1316 2731 ex
1354 2682 1550 2746 quibus
1598 2682 1678 2731 sic
1712 2681 1908 2731 imbuti
1952 2698 2009 2733 se
2046 2684 2197 2747 ipsos

404 2881 442 2947 ¹)
482 2886 596 2933 Nam
633 2886 927 2945 Digestorum
964 2887 1309 2948 compositores
1344 2901 1397 2934 eo
1434 2887 1506 2934 usi
1542 2893 1664 2941 sunt,
1710 2886 1879 2947 quibus
1913 2885 2200 2934 lastinianus

262 2955 591 3015 imperaverat,
620 2958 667 2999 ut
691 2967 774 3001 eos
800 2959 976 3000 tantum
1003 2953 1297 3010 adhiberent,
1326 2954 1514 3015 ‘quibus
1542 2954 1864 3001 auctoritatem
1893 2954 2200 3001 conscriben-

263 3022 431 3068 darum
458 3019 1004 3082 interpretandarumque
1038 3021 1187 3079 legum
1216 3021 1527 3069 sacratissimi
1563 3020 1805 3083 principes
1829 3021 2196 3083 praebuissent'.

262 3086 306 3146 2)
345 3088 461 3142 Non,
501 3094 552 3134 ut
584 3087 712 3134 illius
753 3093 795 3134 et
823 3089 1061 3149 sequentis
1095 3089 1194 3135 aevi
1232 3089 1321 3136 viri
1348 3084 1670 3150 πρακτικοί,
1704 3088 1759 3135 ad
1786 3087 2025 3144 Sabinum,
2065 3089 2200 3136 fasti·

264 3156 440 3210 diente,
479 3160 527 3201 ut
559 3162 682 3217 puto,
721 3155 822 3203 Gaii
861 3154 999 3214 genio
1037 3153 1700 3203 ‘deleramentaMasuriana’
1742 3153 1922 3215 (From.
1949 3170 2019 3216 ep.
2050 3155 2108 3202 ad
2135 3155 2197 3202 M.

263 3224 402 3271 Caes.
440 3230 480 3278 2,
516 3227 577 3280 1.)
616 3223 648 3269 i.
687 3236 726 3270 e.
763 3235 954 3269 casuum
990 3235 1129 3284 super
1163 3236 1301 3270 casus
1337 3222 1757 3276 coacervationem,
1806 3221 1930 3269 nulla
1971 3220 2202 3268 naturalis

259 3303 421 3338 rerum
458 3288 642 3340 ordinis
675 3290 859 3338 ratione
895 3288 1072 3349 hahita,
1121 3290 1243 3351 quod
1278 3303 1424 3349 genus
1459 3287 1696 3336 scribendi
1729 3288 1897 3338 ,Sabini
1934 3287 2047 3333 libri
2081 3287 2202 3332 iuris

261 3357 425 3405 civilis
464 3356 758 3404 desiderasse
793 3356 1026 3404 videntur.
1075 3357 1189 3404 Nam
1226 3357 1370 3407 Gaius
1400 3355 1556 3404 omnia
1585 3355 1641 3403 ad
1670 3368 1837 3413 genera
1867 3366 1949 3399 sua
1976 3364 2204 3397 revocare

260 3423 488 3479 malebat,
526 3429 574 3471 ut
608 3422 660 3479 Q.
698 3424 878 3471 Mucius
915 3424 1107 3472 fecerat.
1181 3420 1222 3484 ³)
1261 3424 1350 3471 Hic
1386 3435 1569 3484 quoque
1602 3420 1831 3469 librorum
1864 3416 2024 3462 titulus
2053 3429 2204 3473 paene

257 3506 412 3541 novus
441 3497 537 3538 erat
563 3505 648 3538 nec
676 3498 808 3539 antea
837 3505 860 3538 a
888 3504 1118 3552 quoquam
1147 3491 1237 3537 nisi
1267 3505 1291 3537 a
1318 3489 1508 3537 Neratio
1536 3486 1696 3532 Prisco
1721 3486 1985 3541 usurpatus.
