2546 3928
813 222 932 257 uait
967 221 1153 261 msrt'r.
1189 207 1284 258 1V.
1323 209 1606 261 142—147.
2053 209 2176 267 227

379 342 512 403 142.
549 346 866 420 Principalis
897 348 1068 420 igitur
1091 347 1285 402 diuisio
1318 348 1374 402 in
1405 362 1470 402 eo
1500 356 1606 418 est,
1639 347 1784 421 quod
1817 324 1908 403 a⁶ut
1939 349 2178 422 prohibi-

246 431 392 488 toria
437 438 567 486 sunt
610 431 898 488 interdicta
942 440 1032 488 aut
1078 432 1421 487 restitutoria
1471 439 1563 487 aut
1617 430 1957 489 exhibitoria.
2046 431 2174 491 143.

249 516 496 590 Sequens
526 516 581 571 in
612 532 678 571 eo
710 525 794 571 est
824 514 1021 571 diuisio
1040 558 1057 587 ,
1104 514 1251 588 quod
1287 515 1375 570 uel
1407 515 1781 589 adipiscendae
1811 519 2177 589 possessionis

243 617 410 657 causa
454 609 745 673 conparata
786 609 915 655 sunt
959 600 1047 655 uel
1092 599 1404 656 retinendae
1436 599 1526 657 uel
1556 599 1957 673 reciperandae.
2043 598 2173 657 144.
2248 654 2252 658 ⁴

243 684 638 758 Adipiscendae
697 684 1061 758 possessionis
1117 700 1279 740 causa
1335 684 1683 741 interdictum
1742 685 2179 741 accommodatur

242 768 513 824 honorum
545 771 872 842 possessori,
904 770 1058 824 cuius
1087 768 1416 841 prinprium
1442 777 1527 825 est
1559 783 1815 834 Qvossvu
1843 784 2174 838 BONORVM3

239 852 474 926 eiusque
508 855 588 909 uis
620 862 674 910 et
704 861 950 927 potestas
983 853 1118 924 haec
1148 860 1254 924 est,
1288 860 1348 908 ut
1379 852 1524 926 quod
1555 854 1787 926 quisque
1810 869 1872 908 ex
1893 852 2176 925 his‘bonis,

246 952 482 1009 quorum
512 939 790 1011 possessio
822 937 981 994 alicui
1012 936 1132 994 data
1164 944 1279 1007 est,
1325 953 1427 1010 pro
1473 937 1671 993 herede
1704 945 1799 993 aut
1826 954 1928 1010 pro
1958 954 2178 1011 posses·

237 1037 372 1077 sore
402 1020 736 1094 ’(ροεείάεί,
779 1024 982 1080 dolone
1014 1022 1196 1093 fecit,
1239 1013 1601 1095 quominus)¹
1654 1017 1663 1094 Ι
1713 1021 2053 1095 possideret,
2121 1022 2173 1077 id
2197 1022 2314 1072 237.

242 1106 332 1176 ei,
381 1108 464 1162 cui
507 1105 775 1163 bonorum
810 1108 1086 1181 possessio
1120 1105 1242 1161 data
1272 1113 1388 1177 est,
1435 1107 1783 1163 restituatur:
1832 1122 1932 1179 pro
1975 1106 2173 1162 herede

239 1197 427 1246 autem
458 1192 739 1264 possidere
772 1191 989 1247 uidetur
1020 1198 1130 1247 tam
1161 1191 1240 1261 is,
1287 1193 1381 1263 qui
1410 1191 1568 1247 heres
1599 1199 1716 1261 est,
1763 1207 1925 1264 quam
1959 1193 2036 1259 is,
2084 1192 2176 1264 qui

242 1283 402 1347 putat
443 1291 502 1330 se
544 1275 795 1331 heredem
843 1290 992 1342 esse3
1035 1290 1138 1347 pro
1179 1290 1501 1347 possessore
1532 1276 1577 1330 is
1606 1273 1884 1347 possidet,
1937 1276 2174 1346 quisine

242 1375 406 1415 causa
448 1359 681 1433 aliquam
723 1374 839 1414 rem
883 1357 1261 1414 hereditariam
1302 1357 1388 1412 uel
1429 1359 1589 1413 etiam
1623 1364 1791 1413 totam
1825 1357 2175 1414 hereditatem

241 1445 440 1514 scien3‚
487 1442 555 1498 ad
585 1459 642 1498 se
675 1458 786 1497 non
816 1444 1112 1515 pertinere,
1143 1441 1418 1514 possidet:
1453 1441 1573 1497 ideo
1599 1432 1779 1496 aut'em
1801 1440 2173 1514 adipiscendae

185 1581 190 1586 .
241 1527 609 1600 possessionis
658 1533 889 1581 uocatur
927 1516 1437 1599 '(interdiclum),²
1495 1527 1619 1598 quia
1670 1526 1719 1581 ei
1779 1532 1986 1582 tantum
2044 1526 2175 1581 utile

243 1619 360 1681 est,
406 1612 496 1684 qui
529 1626 673 1665 nunc
699 1610 933 1682 primum
963 1617 1195 1665 conatur
1225 1608 1452 1682 adipisci
1478 1608 1556 1664 rei
1589 1610 2027 1682 possessionem3
2073 1611 2172 1665 ita·

246 1709 352 1765 que
382 1696 428 1748 si
459 1696 579 1767 quis
610 1693 841 1766 adeptus
869 1694 1275 1767 possessionem
1305 1694 1579 1765 amiserit,
1611 1692 1810 1749 desinit
1843 1694 1893 1749 ei
1923 1693 1977 1748 id
2007 1695 2174 1749 inter-

83 1785 223 1845 [311]
246 1776 448 1834 dictum
493 1778 622 1834 utile
664 1794 803 1834 esse.
893 1775 1019 1837 145.
1064 1778 1339 1833 Bonorum
1382 1793 1600 1852 quoque
1647 1777 1880 1851 emptori
1926 1778 2174 1835 similiter

243 1864 570 1936 proponitur
610 1862 987 1932 interdictum,
1037 1862 1185 1936 quod
1226 1862 1442 1936 quidam
1495 1864 1897 1935 possessorium
1952 1872 2168 1919 uocant.

246 1942 378 2004 146.
412 1946 545 2004 Item
576 1949 648 2021 ei,
682 1948 776 2022 qui
807 1939 1091 2022 ’publice3
1121 1946 1263 2004 bona
1295 1947 1523 2020 emerit,
1554 1945 1794 2005 eiusdem
1834 1948 2171 2005 condicionis

243 2032 591 2089 interdictum
642 2034 1002 2106 proponitur,
1063 2031 1210 2106 quod
1270 2031 1578 2105 appellatur
1632 2032 1963 2102 sectorium,
2025 2032 2171 2104 quod

243 2125 487 2174 sectores
520 2125 819 2188 uocantur,
870 2118 963 2190 qui
993 2115 1205 2189 publice
1237 2116 1381 2172 bona
1410 2125 1733 2173 mercantur.
1824 2111 1954 2173 147.
2001 2115 2172 2171 Inter-

244 2200 448 2263 dictum
478 2218 730 2275 quoque,
778 2200 923 2274 quod
969 2200 1273 2274 appellatur
1305 2199 1652 2273 Saluianum,
1698 2200 2012 2274 apiscendae
2045 2216 2172 2273 pos-

380 2397 421 2464 ¹)
460 2399 705 2464 Supplevi
728 2415 798 2449 ex
832 2400 897 2449 L.
928 2410 950 2448 1
974 2416 1057 2463 pr.
1094 2399 1159 2454 D,
1186 2414 1331 2464 quor.
1357 2400 1472 2449 bon.
1504 2395 1590 2463 (43,
1616 2398 1680 2459 2),
1713 2406 1767 2449 ut
1792 2407 1933 2450 recte
1968 2399 2178 2451 haberet

242 2468 523 2532 possideret.
573 2467 680 2518 Sed
704 2474 868 2516 tamen
900 2468 1050 2517 etiam
1083 2483 1145 2516 ea
1169 2469 1234 2516 de
1268 2482 1428 2516 eausa
1452 2482 1552 2515 non
1588 2472 1696 2515 tota
1720 2469 1808 2515 illa
1842 2468 2002 2530 ipsius
2021 2468 2180 2515 edicti

242 2535 400 2586 verba
423 2534 772 2585 transcribere
796 2536 930 2585 volui
952 2533 1115 2600 (quod
1137 2550 1268 2582 nune
1288 2534 1417 2596 fecit
1441 2532 1541 2597 139.
1571 2534 1651 2583 ed.
1676 2532 1721 2594 5)
1749 2535 1867 2598 quia
1893 2540 2036 2582 tanta
2058 2534 2177 2583 sub-

242 2604 404 2652 tilitas
435 2602 843 2653 Institutionibus
875 2618 976 2652 non
1009 2602 1254 2659 convenit,
1293 2608 1345 2650 et
1372 2600 1527 2650 Gaius
1560 2608 1658 2650 tum
1690 2607 1865 2650 cetera
1898 2601 2179 2652 huiusmodi

241 2671 519 2720 interdieta
552 2687 653 2721 non
692 2672 990 2734 simpliciter
1023 2669 1208 2720 similia
1250 2669 1424 2718 dicere
1456 2670 1722 2733 potuisset.
1773 2667 1941 2718 Simile
1984 2671 2176 2719 initium

244 2743 261 2769 ²
274 2739 535 2801 possidet’
564 2745 614 2788 et
638 2739 958 2802 ‘possideret
973 2742 989 2767 ’
1016 2737 1280 2787 omittendi
1302 2751 1504 2785 causam
1533 2736 1696 2799 fuisse
1723 2737 1930 2801 quilibet
1952 2739 2106 2791 videt.

243 2803 289 2868 ²)
332 2804 530 2854 Addidi
550 2820 621 2855 eae
649 2805 775 2855 lust.
880 2803 921 2868 ³)
957 2806 1148 2870 publica
1175 2804 1231 2855 G.
1257 2806 1339 2856 ed.
1364 2803 1493 2867 By„
1528 2806 1667 2870 quod
1697 2804 1929 2866 defendit
1965 2805 2174 2854 Lachne.

245 2871 357 2921 Sed
379 2870 511 2922 bona
534 2881 650 2921 sunt
674 2873 1042 2929 damnatorum,
1070 2887 1199 2936 quae
1226 2872 1455 2936 ‘publice
1472 2875 1487 2900 ’
1515 2874 1548 2921 i.
1577 2889 1620 2922 e.
1645 2871 1847 2935 publica
1872 2873 2178 2920 auctoritate

242 2940 530 2990 venduntur
553 2946 605 2989 et
635 2947 879 3004 emuntur,
917 2956 1016 2990 non
1044 2940 1263 3004 publiea,
1301 2956 1397 3005 quo
1430 2955 1581 2990 sensu
1610 2940 1763 2990 Gaius
1788 2940 1926 2988 dixit
1947 2949 1990 3001 2,
2019 2949 2084 2987 10.
2114 2950 2176 2988 11.

240 3019 286 3069 4,
312 3017 380 3058 28.
434 3007 512 3070 Cf.
536 3025 584 3058 υ.
603 3023 713 3074 seq.
740 3014 790 3058 et
814 3021 854 3069 1,
880 3019 946 3059 27.
982 3019 1026 3072 3,
1053 3018 1142 3060 184.

380 3174 431 3244 ξ.
475 3179 587 3226 142.
610 3196 678 3220 =
756 3215 766 3226 .
806 3187 844 3226 1.
882 3179 989 3226 init.
1026 3177 1074 3226 I.
1110 3178 1173 3227 de
1206 3178 1395 3230 interd.
1431 3173 1492 3241 (4,
1530 3173 1616 3241 16).
1657 3176 1736 3239 Cf.
1770 3177 1834 3230 L.
1874 3189 1910 3226 1.
1948 3174 2000 3240 S.
2038 3188 2075 3225 1.
2121 3175 2179 3222 D.

243 3247 360 3296 eod.
396 3249 482 3306 (43,
509 3243 573 3310 1).
752 3288 762 3298 .
805 3248 916 3295 143.
950 3265 1016 3285 =
1049 3242 1104 3308 S.
1142 3255 1180 3294 2.
1217 3244 1265 3293 1.
1305 3245 1370 3297 ib.
1415 3245 1489 3307 Cf.
1525 3246 1718 3294 Auson.
1759 3245 1937 3308 Griph.
1974 3253 2023 3292 63
2065 3258 2172 3305 seq.

248 3312 365 3376 Ulp.
392 3313 524 3362 Inst.
550 3325 664 3373 4,1.
801 3310 852 3379 ξ.
887 3315 999 3362 144.
1040 3312 1118 3373 Cf.
1146 3310 1199 3376 8.
1224 3323 1265 3362 s.
1304 3312 1350 3365 Ι.
1378 3313 1442 3362 ib.
1478 3328 1639 3375 supra
1673 3322 1715 3372 3,
1740 3321 1806 3361 34.
1844 3322 1885 3367 2,
1916 3320 2005 3358 149.
2043 3309 2107 3362 L.
2132 3320 2180 3357 11

244 3391 380 3432 -13,
419 3381 480 3431 Ι).
517 3382 582 3431 de
616 3381 723 3433 Iter.
759 3386 864 3444 pet.
899 3377 967 3444 (5,
1002 3377 1065 3444 3).
1205 3375 1257 3445 ξ.
1298 3382 1409 3429 145.
1452 3379 1530 3441 Cf.
1565 3390 1604 3437 3,
1639 3388 1707 3427 80.
1847 3374 1896 3443 ξ.
1941 3377 2056 3425 146.
2101 3376 2181 3437 Cf.

240 3459 286 3508 3,
312 3458 377 3497 80.
421 3448 521 3498 Cic.
547 3463 647 3511 pro
669 3448 819 3498 Rosc.
843 3448 957 3497 Am.
982 3459 1048 3498 36.
1074 3446 1128 3511 S.
1153 3459 1242 3501 103.
1283 3448 1410 3496 Phil.
1440 3457 1482 3507 2,
1507 3456 1574 3495 26.
1595 3456 1663 3497 29.
1701 3445 1870 3495 Sekoc.
1896 3444 1996 3494 Cic.
2025 3444 2176 3492 Ver-r.

243 3515 333 3578 Il,
361 3527 398 3571 1,
424 3525 492 3565 2ο.
531 3515 585 3580 S.
612 3527 676 3566 52.
700 3526 767 3568 23.
802 3513 853 3579 S.
881 3526 947 3566 61.
985 3517 1186 3570 Fest.v.
1208 3515 1449 3565 Seelores
1470 3528 1523 3576 p.
1544 3523 1635 3566 337.
1742 3508 1943 3578 §.1⁴st
1968 3529 2035 3554 =
2061 3511 2108 3571 S.
2136 3520 2179 3561 3.

242 3584 295 3635 J.
334 3584 380 3636 Ιι.
410 3590 446 3634 t.
471 3585 534 3649 (4,
562 3582 650 3649 15).
693 3583 773 3646 Cf.
812 3584 1034 3648 Tkeoph.
1059 3584 1125 3634 ib.

1679 3664 1781 3717 15*
