2546 3928
65 80 88 95 n.
153 74 162 83 ·
289 60 346 87 ⁸0⁴⁴

9 96 12 105 .
67 106 80 113 -
97 98 108 105 ,

135 84 216 117 .-.ε

836 220 952 254 cun
990 220 1183 254 1NsT1‘r.
1218 206 1323 256 111.
1361 209 1594 257 25-32.
2062 208 2183 264 131

246 349 629 416 praeterquam
669 345 715 398 si
755 360 853 416 per
894 345 949 398 in
991 360 1203 399 manum
1244 346 1660 400 conuentionem
1694 348 2183 419 consanguinitatis

241 429 365 482 iura
399 428 541 482 inter
571 445 665 483 eos
698 423 1090 484 constiterint.¹

373 507 467 567 25.
516 511 618 567 Sed
666 513 761 567 hae
803 513 933 566 iuris
974 513 1286 585 iniquitates
1330 513 1506 569 edicto
1544 515 1811 587 praetoris
1843 508 2179 591 emendatae}

243 603 396 651 sunt.
484 591 577 652 26.
624 597 753 651 Nam
782 598 993 652 liberos
1027 613 1234 664 omneS,
1280 599 1372 670 qui
1401 598 1648 670 legitimo
1690 599 1808 652 iure
1840 595 2183 668 deficiantur,
2207 609 2321 656 131.

246 687 407 735 uocat
439 680 505 735 ad
536 680 891 735 hereditatem
919 681 1146 753 proinde
1181 697 1241 737 ac
1275 682 1318 736 si
1351 683 1405 736 in
1436 689 1709 755 potestate
1727 689 2012 755 parentum
2040 697 2182 737 mor·

245 765 315 818 tis
348 772 593 837 tempore
626 764 878 836 fuissent,
922 766 1039 819 siue
1069 765 1173 820 soli
1204 769 1335 836 sint,
1379 766 1496 820 siue
1528 767 1684 820 etiam
1721 768 1805 821 sui
1837 765 2084 836 heredeS,
2129 766 2183 820 id

243 856 331 903 est
363 849 454 921 qui
484 849 537 902 in
566 855 842 922 potestate
875 851 1042 922 patris
1074 849 1317 921 fuerunt,
1350 857 1694 905 concurrant.
1769 845 1859 907 27.
1909 849 2182 922 Adynatos

243 940 426 987 autem
459 935 631 1006 capite
662 932 970 995 deminutus
1013 950 1122 988 non
1156 934 1394 990 secundo
1427 933 1601 1007 gradu
1630 942 1758 1007 post
1788 950 1918 988 suos
1957 934 2182 988 heredes

245 1024 426 1086 uocat,
460 1017 512 1072 id
546 1025 649 1089 est,
685 1034 794 1072 non
825 1035 889 1073 eo
923 1018 1094 1091 gradu
1126 1027 1308 1090 uocat,
1352 1035 1461 1092 quo
1494 1034 1591 1091 per
1622 1019 1798 1092 legem
1834 1026 2179 1087 uocarentur,

240 1102 291 1156 si
336 1103 508 1174 capite
551 1101 741 1156 minuti
784 1119 894 1157 non
937 1111 1147 1165 essent·;
1195 1102 1290 1158 sed
1333 1104 1498 1158 tertio
1542 1103 1902 1175 proximitatis
1934 1103 2181 1157 nomine:

239 1186 370 1240 licet
401 1188 541 1240 enim
573 1187 760 1259 capitis
792 1186 1161 1242 deminutione
1191 1189 1281 1242 ius
1311 1186 1612 1260 legitimum
1644 1187 2000 1260 perdiderint,
2033 1198 2180 1242 certe

239 1271 587 1342 cognationis
611 1271 731 1325 iura
749 1271 1014 1325 retinent:
1047 1272 1228 1343 itaque
1258 1272 1302 1326 si
1338 1271 1459 1344 quis
1490 1268 1626 1325 alius
1657 1272 1747 1340 sit,
1783 1273 1875 1343 qui
1908 1273 2180 1343 integrum

242 1354 329 1408 ius
371 1354 677 1427 agnationis
721 1353 955 1422 habebit,
1000 1356 1045 1408 is
1088 1355 1271 1427 potior
1312 1356 1436 1425 erit,
1479 1355 1685 1409 etiamsi
1728 1353 1981 1426 longIore
2013 1353 2182 1426 gradu

242 1438 437 1495 suerit.
524 1433 621 1493 28.
672 1437 814 1491 idem
857 1439 989 1492 iuris
1022 1445 1127 1507 est,
1173 1445 1233 1492 ut
1262 1437 1478 1509 quidam
1510 1445 1722 1510 putant,
1767 1438 1823 1490 in
1855 1438 1970 1491 eius
2001 1438 2181 1510 agnati

239 1538 502 1596 persona,
556 1522 647 1593 qui
706 1521 952 1592 proximo
1005 1528 1204 1593 agnato
1249 1522 1535 1575 omittente
1589 1519 1962 1592 hereditatem,
2016 1521 2183 1576 nihilo

239 1606 420 1677 magis
462 1605 581 1658 iure
622 1604 868 1676 legitimo
910 1604 1240 1673 admittitur3
1304 1603 1400 1659 sed
1442 1613 1589 1676 sunt,
1650 1605 1742 1677 qui
1782 1610 1996 1677 putant,
2044 1605 2187 1660 hunc

238 1687 440 1743 eodem
480 1687 650 1760 gradu
695 1704 724 1741 a
767 1695 1014 1760 praetore
1048 1689 1249 1760 uocari,
1297 1705 1404 1761 quo
1437 1690 1596 1743 etiarn
1638 1704 1739 1762 per
1765 1688 1944 1761 legem
1976 1690 2184 1762 agnatis

240 1768 519 1828 hereditas
568 1771 741 1826 datur.
844 1766 941 1829 29.
1002 1772 1253 1828 Feminae
1296 1781 1443 1828 certe
1485 1782 1736 1846 agnatae,
1781 1789 1918 1845 quae
1960 1790 2185 1829 consan-

243 1856 570 1930 guineorum
616 1855 843 1929 gradum
892 1856 1181 1928 excedunt,
1226 1858 1390 1912 tertio
1435 1857 1605 1929 gradu
1648 1865 1931 1927 uocantur,
1977 1858 2031 1912 id
2075 1867 2177 1927 est,

244 1942 289 1997 si
332 1956 508 2013 neque
550 1957 682 1996 suus
722 1941 879 1996 heres
926 1957 1102 2015 neque
1145 1947 1375 2015 agnatus
1423 1942 1565 1998 ullus
1608 1943 1727 1998 erit.
1817 1938 1921 1999 30.
1980 1941 2182 1997 Eodem

245 2024 415 2099 gradu
462 2033 729 2081 uocantur
770 2028 929 2081 etiam
962 2042 1054 2081 eae
1087 2042 1376 2098 personae,
1420 2042 1556 2098 quae
1600 2043 1698 2098 per
1738 2026 1978 2080 feminini
2020 2041 2182 2079 sexus

245 2126 504 2183 personas
537 2109 817 2182 copulatae
847 2117 994 2164 sunt.
1084 2106 1174 2165 31.
1222 2109 1398 2164 Liberi
1431 2125 1670 2182 quoque,
1704 2110 1793 2181 qui
1836 2110 1892 2163 in
1931 2107 2185 2180 adoptiua

91 2194 446 2260 [214]‘familia
477 2202 621 2257 sunt,
667 2194 731 2248 ad
763 2194 1089 2249 naturalium
1130 2200 1415 2267 parentum
1457 2192 1815 2249 hereditatem
1847 2193 1953 2248 hoc
1993 2191 2184 2250 eodem

248 2277 424 2353 gradu
456 2286 742 2334 uocantur.
905 2277 915 2284 ’

371 2359 468 2420 32.
516 2362 661 2429 Quos
694 2368 873 2417 autem
896 2353 1135 2438 praeitor
1167 2370 1329 2418 uocat
1361 2361 1426 2416 ad
1457 2361 1831 2434 hereditatem,
1864 2362 1919 2417 hi
1953 2361 2181 2416 heredes
2208 2377 2318 2426 132,

243 2449 367 2520 ipso
400 2446 615 2519 quidem
646 2448 765 2501 iure
797 2462 904 2500 non
934 2449 1113 2517 fiunt.-
1153 2465 1287 2503 nam
1331 2454 1552 2519 praetor
1593 2446 1822 2501 heredes
1868 2444 2044 2499 facere
2076 2461 2184 2498 non

246 2536 460 2604 potest;
487 2546 601 2602 per
625 2532 804 2603 quem
837 2534 982 2585 enim
1016 2537 1235 2585 tantum
1265 2533 1358 2584 uel
1389 2532 1624 2585 similem
1657 2531 1804 2583 iuris
1835 2530 2186 2582 constitutio·

244 2632 374 2672 nem
405 2616 646 2670 heredes
673 2617 843 2685 fiunt,
874 2617 1055 2669 ueluti
1083 2630 1186 2686 per
1215 2619 1455 2668 senatus
1480 2613 1800 2667 consultum
1833 2618 1887 2666 et
1919 2610 2188 2667 eonstitu-

245 2701 454 2755 tionem
484 2700 885 2772 principalem:
923 2697 1019 2753 sed
1048 2697 1153 2753 ’eis
1183 2697 1454 2769 siquidem
1485 2703 1705 2769 praetor
1735 2688 1868 2751 det²
1911 2696 2184 2752 bonorum

243 2787 677 2857 possessionem,
707 2784 828 2838 loco
862 2781 1123 2837 heredum
1157 2782 1600 2838 constituuntur.

246 3014 323 3076 Cf
363 2946 424 3063 ΙΙ)
454 2946 695 3012 Sequitur
719 2947 854 2996 linea
877 2962 1053 2996 vacua.
1127 2945 1168 3008 ²)
1198 2945 1405 2995 Malim:
1430 2960 1537 2995 cum
1561 2946 1635 2994 eis
1660 2945 1853 3009 quidem
1871 2951 2060 3008 praetor
2080 2946 2183 2998 dat.

322 3050 333 3063 .
397 3022 495 3066 nst.

382 3163 432 3233 §-
460 3169 545 3217 25.
586 3167 667 3222 Cf.
695 3181 777 3230 pr.
804 3164 857 3229 3.
884 3177 908 3214 2
928 3168 1017 3227 fin.
1059 3165 1103 3217 l.
1132 3168 1195 3215 de
1220 3166 1266 3215 b.
1294 3182 1346 3229 p.
1372 3162 1434 3228 (3,
1457 3164 1522 3226 9).
1609 3160 1662 3232 ξ.
1690 3166 1771 3216 26.
1810 3166 1887 3229 Cf.
1914 3165 2004 3231 33.
2033 3179 2095 3219 19.
2121 3177 2189 3215 20.

245 3234 429 3283 Gallae.
455 3244 520 3293 16,
548 3245 588 3285 7.
630 3232 682 3297 S.
708 3245 748 3282 2.
795 3233 911 3297 Ulp.
938 3242 1006 3295 28,
1032 3243 1071 3281 8.
1106 3232 1156 3296 S.
1182 3244 1223 3283 9.
1268 3233 1312 3283 I.
1341 3235 1404 3282 de
1439 3233 1616 3283 lzered.
1646 3250 1694 3297 q.
1730 3235 1793 3284 ab
1816 3236 1908 3285 int.
1934 3235 1996 3298 (3,
2024 3234 2085 3296 1).

199 3311 216 3325 ⁸
248 3298 300 3367 ξ.
327 3303 409 3351 27.
452 3301 534 3363 Cf.
564 3300 624 3365 S.
650 3312 713 3350 21.
753 3300 872 3365 Uip.
897 3311 965 3361 28,
991 3312 1033 3350 9.
1068 3300 1209 3363 Epit.
1236 3312 1279 3360 2,
1303 3310 1344 3350 8.
1374 3299 1427 3363 S.
1453 3310 1492 3352 7.
1515 3317 1602 3365 pr.
1639 3301 1686 3349 I.
1715 3304 1778 3351 de
1802 3317 2020 3351 success.
2044 3315 2185 3361 coyn.

251 3377 315 3429 (3,
342 3370 403 3430 5).
429 3369 593 3433 §upra
619 3380 657 3429 1,
682 3377 773 3418 158.
855 3364 905 3434 ξ.
934 3370 1018 3418 28.
1056 3367 1139 3430 Of.
1167 3366 1258 3431 88.
1286 3378 1348 3418 12.
1371 3378 1442 3419 22.
1471 3366 1523 3431 S.
1552 3378 1591 3417 7.
1620 3368 1670 3419 l.
1699 3370 1761 3417 de
1786 3371 1886 3430 leq.
1913 3382 2028 3428 ayn.
2053 3380 2188 3413 succ.

249 3435 312 3498 (a,
335 3438 402 3498 2).
510 3433 561 3501 §.
588 3439 673 3487 29.
714 3436 798 3496 Cf.
829 3434 882 3499 3.
908 3446 976 3487 23.
1002 3437 1148 3500 Paul.
1176 3445 1217 3497 4,
1240 3445 1281 3485 8.
1310 3435 1366 3499 3.
1390 3441 1478 3487 22².
1584 3429 1634 3499 ξ.
1661 3436 1744 3483 30.
1785 3434 1862 3493 Gt:
1890 3431 1944 3493 3.
1969 3440 2036 3481 24.
2067 3430 2184 3492 Uep.
2244 3442 2263 3448 ·

246 3513 317 3565 28,
343 3514 387 3553 9.
417 3503 562 3567 Epic.
588 3515 629 3564 2,
656 3514 700 3553 8.
732 3502 787 3566 §-
818 3513 857 3553 7.
886 3502 941 3567 3.
967 3516 1006 3553 1.
1034 3503 1085 3553 J.
1114 3504 1177 3552 de
1200 3518 1336 3555 suco.
1362 3517 1510 3566 coyn.
1538 3498 1601 3560 (3,
1627 3498 1694 3557 2).
1789 3496 1840 3561 ξ.
1868 3499 1949 3547 31.
1974 3516 2040 3535 =
2067 3485 2121 3557 S*-
2148 3506 2188 3541 2·

250 3570 297 3619 I.
319 3573 436 3621 eod.
468 3572 547 3634 Cf.
577 3573 715 3636 Epic.
739 3577 769 3621 Ι.
792 3587 835 3619 e.
906 3568 959 3635 ξ.
985 3573 1066 3620 32.
1088 3591 1154 3610 =
1176 3569 1229 3632 3.
1256 3582 1299 3623 2.
1332 3569 1378 3617 I.
1394 3570 1460 3634 de
1481 3566 1528 3613 b.
1547 3581 1601 3627 p.
1629 3563 1691 3623 (3,
1711 3562 1775 3621 9).
1797 3562 1878 3623 Cf.
1904 3560 2019 3623 Ulp.
2040 3571 2106 3620 28,
2128 3572 2187 3608 12.

1715 3641 1785 3691 9*
