2546 3928
340 164 377 218 8
1211 172 1389 209 sams,

337 297 485 346 tione
541 295 815 344 Graecum
871 296 926 341 et
977 292 1219 341 fortasse
1277 308 1341 341 ex
1397 293 1618 343 colonia
1672 294 1859 358 aliqua
1912 296 1970 342 in
2023 296 2277 358 partibus

339 362 568 412 orientis
615 359 903 411 oriundum
949 359 1123 408 fuisse
1172 360 1441 423 opinetur,
1502 376 1642 425 quae
1693 361 1824 410 olim
1868 363 1932 413 A.
1975 362 2276 426 Augustini

339 436 395 478 et
428 429 517 477 Fr.
555 428 808 478 Connani
845 427 954 476 fuit
991 427 1291 488 sententia,
1335 427 1391 476 id
1430 429 1681 492 equidem
1718 444 1896 492 neque
1934 444 2139 493 negare
2176 445 2277 479 ne-

340 512 445 560 que
486 495 766 545 affirmare
805 496 997 544 ausim.
1060 494 1181 543 Non
1217 510 1446 559 negare,
1485 497 1619 559 quia
1645 497 1815 560 probe
1857 498 1989 560 sci0,
2027 497 2136 546 iam
2169 496 2275 544 illa

339 568 530 613 aetate
575 563 776 612 multos
821 563 1149 626 peregrinae
1195 564 1428 626 originis
1473 564 1624 613 viros
1672 579 1907 614 summos
1943 564 2177 614 honores
2214 567 2274 614 et
2305 561 2402 618 [86]

337 647 594 696 magnam
624 631 792 679 etiam
832 630 887 677 in
926 629 1041 678 iure
1070 629 1224 677 civili
1249 631 1645 681 auctoritatem
1674 631 1878 689 Romae
1904 635 2103 681 nactos
2129 646 2274 694 esse,

335 700 492 749 velut
530 697 798 746 Cirtensis
845 695 942 745 ille
987 697 1074 745 vir
1112 696 1415 747 consularis
1459 700 1544 748 ius
1590 698 1865 762 publicum
1911 698 2272 763 respondens,

341 767 495 815 euius
535 780 731 815 nomen
770 764 938 828 periit
973 764 1120 828 apud
1157 765 1345 813 Front.
1388 781 1474 830 ep.
1510 766 1580 815 ad
1608 767 1763 819 amic.
1800 769 1849 828 2,
1878 768 1957 816 10.
2001 764 2109 829 (6.).
2162 766 2275 816 Sed

335 850 439 883 nec
477 831 784 891 affirmare3
831 846 958 880 nam
1002 831 1078 892 id,
1128 831 1268 895 quod
1310 836 1365 881 et
1400 833 1527 882 illos
1561 834 1710 884 viros
1746 834 1948 898 partim
1984 835 2167 892 movit,
2216 838 2275 883 et

339 901 480 966 quod
505 899 676 950 multo
701 899 880 963 magis
907 899 964 947 in
990 901 1314 949 Mommseni
1340 900 1716 965 disputatione
1743 902 1862 951 veri
1886 902 2122 965 quadam
2149 917 2275 964 spe·

337 970 420 1018 cie
459 968 685 1032 decipit,
739 967 1008 1017 Graecam
1057 965 1211 1015 illam
1249 967 1373 1017 dico
1413 968 1471 1016 in
1510 969 1648 1019 Gaio
1698 970 2050 1034 conspicuam
2090 968 2276 1018 erudi-

335 1039 544 1086 tionem
583 1040 640 1084 et
676 1034 1096 1098 peregrinitatis
1134 1035 1406 1084 curiosam
1446 1036 1871 1098 observantiam,
1909 1036 2023 1085 alia
2051 1037 2273 1085 ratione

341 1101 820 1167 contemplandum
876 1116 997 1150 esse
1051 1100 1321 1151 existimo.
1402 1102 1620 1167 Quippe
1667 1104 1795 1153 inde
1844 1119 1876 1152 a
1921 1104 2275 1166 Vespasiano

341 1176 397 1220 et
433 1175 667 1219 maxime
705 1169 804 1218 sub
829 1167 1120 1217 Hadriano
1157 1184 1360 1218 novam
1398 1172 1555 1233 quasi
1582 1170 1824 1234 speciem
1852 1171 2140 1234 imperium
2165 1171 2274 1219 Ro-

339 1253 559 1287 manum
593 1236 792 1286 induit.
862 1235 1052 1284 Multis
1091 1236 1234 1284 enim
1275 1237 1507 1286 coloniis
1553 1239 1611 1286 in
1648 1239 1962 1300 provincias
2002 1237 2274 1300 deductis,

338 1305 633 1368 multisque
669 1304 750 1352 ibi
788 1302 1004 1367 oppidis
1032 1303 1264 1353 civitate
1290 1303 1539 1352 Romana
1564 1304 1651 1354 vel
1678 1305 2005 1365 Latinitate,
2045 1305 2276 1369 quibus-

343 1373 468 1421 dam
495 1372 664 1421 etiam
689 1370 808 1425 iure
833 1370 1032 1418 Italico
1059 1370 1294 1433 donatis,
1334 1369 1567 1420 Graecis
1595 1386 1727 1421 vero
1766 1387 1924 1435 quam
1962 1371 2046 1420 illi
2082 1374 2277 1436 opina·

338 1440 544 1489 bantur
581 1430 901 1503 αὐτονομίᾳ
939 1437 1173 1498 reddita,
1213 1452 1354 1501 quae
1393 1437 1519 1486 olim
1556 1439 1850 1503 peregrina.
1888 1439 2021 1489 ditio
2058 1443 2274 1488 tantum

340 1507 542 1568 fuerat,
579 1507 636 1554 in
674 1519 907 1569 aequum
944 1520 1125 1568 paene
1161 1506 1246 1553 ius
1284 1511 1515 1569 recepta
1550 1510 1649 1554 est.
1710 1508 1783 1555 Et
1817 1507 2051 1556 maxime
2090 1508 2276 1556 oriens

339 1574 676 1632 invaluerat,
724 1587 1022 1636 rursusque
1071 1576 1203 1622 ‘non
1238 1573 1425 1622 tenuis
1462 1573 1682 1637 quidam
1721 1589 1750 1622 e
1788 1572 2026 1623 Graecia
2063 1574 2276 1623 rivulus

341 1642 440 1691 sed
486 1640 994 1691 abundantissimus
1044 1641 1220 1689 amnis
1265 1639 1486 1689 illarum
1523 1640 1938 1705 disciplinarum
1977 1645 2033 1690 et
2070 1641 2275 1690 artium

341 1711 396 1757 in
441 1709 630 1758 urbem
678 1707 927 1756 influxit’
976 1705 1112 1770 (Cic.
1150 1707 1214 1756 de
1254 1722 1366 1770 rep.
1404 1711 1454 1769 2,
1502 1706 1615 1771 19.),
1665 1710 1726 1756 ut
1772 1709 1881 1756 iam
1928 1723 1993 1757 ex
2038 1707 2275 1770 imperio

340 1777 584 1826 Romano
611 1775 900 1838 imperium
928 1774 1478 1824 Graeco-Romanum
1505 1774 1710 1822 factum
1736 1775 2033 1828 videretur.
2090 1775 2276 1823 Huius

340 1859 471 1893 vero
507 1857 686 1892 rerum
721 1840 1048 1890 mutationis
1086 1839 1307 1904 effigies
1345 1857 1467 1890 cum
1506 1843 1669 1891 etiam
1716 1843 1771 1891 in
1812 1842 2086 1891 hominum
2122 1841 2278 1905 inge-

342 1911 448 1960 niis
484 1925 591 1958 non
630 1908 864 1974 exprimi
898 1923 1007 1958 non
1043 1914 1250 1973 posset,
1290 1909 1338 1958 si
1375 1907 1571 1958 Gaium
1611 1910 1728 1959 eius
1760 1910 1816 1958 in
1842 1909 2281 1972 iurisprudentia

341 1979 569 2043 primum
633 1983 688 2027 et
745 1976 1088 2045 verissimum
1150 1977 1432 2042 exemplar
1492 1993 1801 2042 novumque
1866 1978 2041 2041 quasi,
2109 1976 2276 2025 huius

341 2054 528 2097 tamen
563 2045 846 2110 tempori3‚
893 2044 1211 2094 Labeonem
1253 2045 1476 2107 dixeris,
1514 2049 1575 2094 ut
1613 2046 1947 2108 Hadrianus,
1986 2044 2280 2109 ‘princeps

340 2115 437 2165 ille
477 2116 670 2163 doctus
707 2117 761 2162 et
795 2126 970 2161 navus
1006 2112 1154 2162 orbis
1205 2117 1474 2161 terrarum
1513 2128 1621 2162 non
1658 2113 1886 2177 regendi
1922 2116 2146 2168 tantum,
2178 2112 2278 2161 sed

342 2184 508 2232 etiam
550 2178 971 2246 perambulandi
1007 2178 1276 2243 diligens’
1315 2180 1526 2242 (Front.
1564 2180 1631 2229 de
1668 2181 1767 2233 fer.
1794 2179 1907 2234 Als,
1945 2181 2033 2241 3.),
2074 2180 2183 2228 fuit-
2220 2180 2279 2227 in

341 2250 675 2314 principatu,
725 2263 881 2311 quem
930 2251 986 2295 et
1031 2248 1208 2311 ipsum
1247 2247 1449 2297 idcirco
1496 2248 1606 2296 iam
1645 2247 1909 2310 aequales
1945 2245 2277 2296 Graeculum

342 2317 594 2367 dixerunt
633 2316 940 2379 (Spartian.
970 2314 1144 2366 Hadr.
1186 2314 1275 2377 1.)‚
1302 2330 1409 2364 non
1446 2315 1608 2365 modo
1646 2316 1961 2372 rectissime,
1999 2315 2057 2363 ni
2094 2313 2278 2374 fallor,

340 2386 407 2435 de
443 2400 505 2434 eo
542 2382 898 2443 indicaveris,
951 2382 1047 2431 sed
1086 2382 1252 2431 etiam
1293 2383 1490 2444 omnia,
1540 2398 1681 2446 quae
1720 2383 1837 2432 eius
1875 2383 2097 2446 propria
2133 2387 2281 2443 sunt,

342 2452 611 2502 facillime
652 2450 1038 2515 explicaveris.

442 2520 684 2569 Primum
740 2517 913 2583 igitur
957 2518 1147 2565 mirum
1202 2533 1310 2566 non
1361 2522 1462 2579 est,
1512 2518 1652 2582 quod
1695 2517 2082 2567 Institutiones
2130 2531 2281 2578 suae,

343 2588 434 2650 qui
482 2586 626 2636 liber
661 2587 869 2650 primus
906 2586 1142 2640 omnium
1179 2586 1311 2635 novi
1358 2586 1575 2650 imperii
1612 2589 1791 2634 status
1828 2585 2042 2634 ratione
2079 2584 2277 2634 habita

344 2655 679 2716 compositus
726 2667 844 2702 esse
888 2653 1128 2714 videtur,
1174 2668 1283 2700 non
1324 2668 1356 2701 a
1396 2653 1585 2716 populi
1623 2653 1853 2702 Romani
1890 2654 2007 2701 iure
2054 2652 2152 2702 sed
2198 2651 2283 2700 ita

345 2719 649 2769 exorditur:
701 2717 938 2767 ‘Omnes
972 2718 1180 2782 populi,
1229 2720 1321 2782 qui
1365 2720 1585 2783 legibus
1632 2724 1686 2768 et
1721 2720 1963 2769 moribus
2000 2724 2281 2783 reguntur,

345 2788 547 2851 partim
595 2801 693 2836 suo
735 2787 958 2850 proprio
1007 2788 1207 2849 partim
1249 2788 1519 2836 communi
1574 2788 1808 2835 omnium
1847 2787 2122 2835 hominum
2159 2786 2275 2835 iure

342 2858 603 2905 utuntur’
661 2857 770 2905 etc.
817 2858 872 2901 et
917 2852 1115 2902 deinde
1164 2868 1381 2917 quoque
1429 2861 1731 2905 ceterorum
1785 2853 2106 2918 populorum
2157 2854 2282 2902 iura

345 2924 594 2987 respicit,
631 2935 737 2969 non
776 2920 933 2970 modo
970 2925 1147 2969 utrum
1187 2922 1316 2985 quid
1352 2923 1487 2972 iuris
1526 2921 1711 2972 civilis
1748 2938 1819 2971 an
1855 2923 1991 2970 iuris
2030 2923 2282 2985 gentium

344 2991 416 3037 sit
452 2990 510 3037 in
537 3003 858 3052 quocunque
886 2987 1124 3037 articulo
1151 2988 1465 3039 adnotando
1504 2990 1572 3052 (1,
1602 2991 1690 3051 2.),
1726 2989 1823 3038 sed
1862 2990 2030 3039 etiam
2066 2990 2124 3037 in
2159 2989 2279 3036 iure

344 3055 497 3104 civili
543 3056 720 3105 simile
767 3055 855 3105 vel
897 3055 1165 3106 dissimile
1221 3056 1449 3106 aliorum
1497 3056 1820 3121 populorum
1865 3057 1950 3104 ius
2000 3054 2282 3105 afferendo

342 3122 434 3172 vel
472 3122 839 3187 comparando
880 3122 950 3185 (Ι,
977 3125 1059 3174 55.
1097 3126 1178 3174 92.
1220 3126 1335 3174 193.
1377 3127 1491 3175 197.
1530 3128 1579 3187 3,
1619 3125 1700 3174 96.
1743 3126 1855 3174 134.
1896 3126 1951 3171 et
1986 3123 2063 3174 cf.
2100 3122 2165 3171 L.
2198 3124 2280 3171 13.

339 3191 409 3239 D.
448 3190 540 3240 fin.
580 3206 692 3254 reg.
738 3192 819 3254 10,
852 3194 893 3240 1.
934 3193 998 3241 L.
1039 3195 1087 3242 4.
1123 3190 1192 3239 D.
1232 3192 1298 3241 de
1339 3191 1535 3255 colleg.
1574 3194 1657 3254 47,
1690 3191 1817 3255 22.),
1855 3191 1942 3239 ius
1979 3191 2146 3240 etiam
2175 3190 2284 3239 La·

342 3258 580 3307 tinorum
617 3257 1040 3308 coloniariorum
1081 3258 1415 3323 explicando
1453 3255 1523 3321 (l,
1553 3261 1635 3312 79.
1674 3260 1755 3309 85.
1796 3260 1881 3308 86.
1920 3259 2005 3307 95.
2044 3260 2093 3319 3,
2125 3258 2284 3320 120.),

342 3326 647 3391 peregrinis
695 3326 827 3389 quid
874 3342 943 3375 ex
987 3327 1105 3375 iure
1152 3327 1398 3376 Romano
1446 3327 1616 3375 liceat
1660 3325 1749 3376 vel
1794 3341 1902 3375 non
1945 3326 2135 3385 liceat,
2186 3325 2282 3373 ad-

343 3395 611 3446 monendo
659 3391 731 3458 (1,
768 3395 854 3444 47.
900 3396 984 3445 53.
1034 3396 1114 3444 74.
1161 3396 1241 3444 93.
1282 3396 1364 3444 94,
1401 3396 1448 3451 2,
1486 3394 1603 3445 285.
1641 3395 1690 3456 4,
1729 3396 1811 3448 37.
1853 3391 2013 3456 105.)‚
2059 3392 2284 3456 provin-

346 3463 551 3513 ciarum
592 3468 648 3514 et
686 3462 893 3513 Italiae
936 3463 993 3512 in
1030 3463 1147 3512 iure
1185 3462 1338 3511 civili
1375 3462 1731 3513 diversitates
1771 3460 2077 3512 enarrando
2125 3459 2194 3521 (1,
2232 3463 2285 3512 6.
