2546 3928
199 757 312 810 175.

334 188 453 245 168
890 199 1007 235 GAu
1048 201 1240 235 ms'rir.
1283 156 1383 234 111.
1425 186 1706 237 180—182.

330 329 374 383 si
420 326 663 382 condicio
696 326 985 401 adiciatur,
1029 326 1377 401 nouationem
1421 322 1566 403 fieri,
1610 325 1689 379 sic
1729 323 1990 403 intellegi
2015 331 2279 398 oportet,
2302 339 2423 409 [251]

331 420 392 466 ut
423 413 493 466 ita
526 410 762 466 dicamus
805 410 1001 466 factam
1032 397 1410 480 nouationem,
1458 408 1503 463 si
1534 407 1781 464 condicio
1812 409 2090 477 extiterit3
2130 409 2276 464 alio-

332 497 459 568 quin
492 496 536 550 si
569 495 850 593 defecerit,
882 494 1040 550 durat
1070 493 1222 566 prior
1253 493 1542 575 obligatio:
1575 491 1671 547 sed
1704 480 2002 565 uideamus,
2033 484 2169 548 num
2201 495 2273 563 is,

332 582 423 654 qui
465 597 531 657 eo
574 566 791 667 nomine
832 587 987 682 agat,
1030 578 1140 633 doli
1184 577 1306 632 mali
1349 586 1439 632 aut
1469 578 1610 653 pacti
1653 570 1915 632 conuenti
1941 574 2276 649 exceptione

331 667 506 739 possit
547 647 907 731 summoueri,
953 664 1108 736 ’quia
1141 655 1400 717 uidetur¹
1441 662 1586 717 inter
1617 664 1711 716 eos
1743 660 1794 716 id
1840 666 2050 731 actum,
2095 668 2157 715 ut
2191 663 2273 716 ita

334 768 395 807 ea
427 766 514 805 res
527 756 844 824 peteretur,
876 750 919 803 si
944 747 1263 821 posterioris
1300 739 1306 823 Ι
1339 738 1704 819 stipulationis
1728 745 1969 801 extiterit
1993 742 2267 801 condicio.

332 818 553 890 Seruius
597 841 776 887 tamen
818 832 1083 906 Sulpicius
1128 831 1485 900 existimauit,
1522 830 1702 885 statim
1733 837 1786 884 et
1817 828 2105 905 pendente
2131 846 2272 886 con-

332 919 544 974 dicione
583 918 931 972 nouationem
976 915 1123 987 fimi,
1164 915 1295 970 etsi
1337 914 1597 970 defecerit
1641 912 1922 987 condicio,
1964 931 2028 968 ex
2069 921 2271 969 neutra

332 1020 492 1059 causa
533 1003 619 1075 agi
663 1017 822 1073 posse
867 1008 921 1056 et
951 1017 1016 1055 eo
1048 999 1209 1054 modo
1240 1015 1355 1054 rem
1387 999 1594 1072 perire3
1641 992 1732 1071 qui
1777 1006 2178 1070 consequenter
2208 1007 2289 1057 et.

330 1086 470 1142 illud
511 1083 828 1157 respondit,
869 1085 914 1140 si
959 1086 1081 1157 quis
1121 1083 1206 1153 id,
1257 1082 1404 1155 quod
1435 1081 1535 1138 sibi
1575 1080 1773 1161 Lucius
1804 1081 1978 1137 Titius
2020 1080 2265 1153 deberet,

332 1187 360 1225 3
392 1171 554 1225 seruo
585 1168 752 1222 fuerit
782 1168 1096 1243 stipulatuS,
1128 1169 1480 1222 nouationem
1513 1164 1628 1222 fieri
1661 1175 1719 1222 et
1745 1182 1858 1222 rem
1892 1168 2101 1238 perire3
2136 1169 2269 1239 quia

261 1282 266 1286 ·
332 1271 453 1311 cum
507 1270 667 1309 seruo
712 1254 800 1327 agi
852 1269 961 1309 non
1004 1258 1215 1326 potest:
1268 1251 1362 1306 sed
1420 1253 1471 1306 in
1526 1259 1761 1326 utroque
1812 1268 1939 1306 casu
1993 1250 2094 1306 alio
2146 1252 2271 1307 iure

201 2780 315 2832 176.

333 1342 563 1395 utimur.
604 1326 765 1394 ’nec²
806 1330 975 1411 magis
1008 1337 1089 1391 liis
1123 1335 1332 1393 casibus
1365 1337 1585 1393 nouatio
1620 1333 1710 1406 fit,
1743 1351 1899 1408 quam
1932 1335 1976 1389 si
2009 1334 2082 1403 id,
2116 1335 2269 1408 quod

336 1435 393 1480 tu
426 1425 550 1479 mihi
582 1422 810 1493 debeaS,
844 1440 873 1477 3
905 1423 1230 1495 peregrinO,
1263 1438 1384 1476 cum
1392 1437 1525 1497 quo
1557 1436 1799 1493 sponsus
1829 1410 2120 1475 conmunio
2154 1437 2267 1475 non

334 1517 439 1580 est,
473 1523 750 1565 SPONDES
784 1507 950 1562 uerbo
982 1505 1277 1579 stipulatus
1308 1492 1426 1561 sim.

462 1584 596 1649 180.
644 1591 875 1646 Tollitur
904 1592 1082 1647 adhuc
1113 1589 1372 1664 obligatio
1405 1575 1511 1665 litis
1543 1588 1976 1660 contestatione,
2023 1589 2067 1642 si
2100 1588 2268 1645 modo

334 1677 579 1757 legitimo
633 1675 826 1730 iudicio
879 1675 1047 1730 suerit
1097 1683 1306 1730 actum:
1366 1691 1485 1731 nam
1541 1683 1667 1729 tunc
1726 1668 1984 1747 obligatio
2046 1672 2268 1751 quidem

332 1750 643 1843 principalis
676 1754 1021 1829 dissoluitur,
1063 1759 1249 1831 incipit
1281 1766 1457 1812 autem
1491 1759 1662 1814 teneri
1691 1775 1818 1813 reus
1849 1757 1961 1812 litis
1991 1765 2271 1813 contesta-

337 1845 515 1910 tione;
557 1838 641 1896 set
682 1843 727 1895 si
770 1830 1157 1896 condemnatus
1190 1842 1292 1910 sit,
1333 1840 1541 1896 sublata
1583 1841 1697 1897 litis
1739 1843 2141 1898 contestatione
2187 1843 2269 1896 in·

335 1918 464 2002 cipit
496 1943 559 1983 ex
589 1942 746 1981 causa
777 1924 995 1981 iudicati
1028 1926 1223 1983 teneri.
1285 1932 1338 1981 et
1371 1924 1474 1982 boc
1506 1922 1651 2001 (est,)
1695 1926 1837 2002 quod
1882 1935 2011 2000 aput
2045 1918 2267 1982 ueteres

334 2017 606 2085 scriptum
637 2020 739 2082 est,
772 2019 896 2067 ante
925 2008 1076 2066 litem
1107 2018 1465 2067 contestatam
1490 2011 1623 2067 dare
1649 2012 1948 2068 debitorem
1981 2013 2268 2087 oportere,

334 2107 459 2173 post
501 2098 650 2166 litem
692 2093 1044 2153 contestatam
1082 2095 1426 2151 condemnari
1464 2105 1751 2169 oportere,
1784 2103 1912 2170 post
1941 2096 2273 2152 condemna-

337 2186 534 2239 tionem
565 2181 854 2236 iudicatum
899 2180 1077 2237 facere
1111 2182 1386 2253 oportere.
1476 2177 1597 2238 181.
1645 2180 1794 2236 Unde
1825 2179 1917 2252 fit,
1963 2187 2020 2236 ut
2052 2181 2095 2234 si
2131 2179 2275 2253 legi·

335 2269 468 2338 timo
497 2264 693 2320 iudicio
725 2263 963 2319 debitum
994 2266 1223 2337 petiero,
1255 2272 1443 2337 postea
1476 2264 1542 2320 de
1565 2281 1629 2320 eo
1661 2267 1781 2339 ipso
1812 2266 1930 2319 iure
1961 2280 2123 2338 agere
2153 2281 2269 2319 non

334 2350 567 2424 possim,
603 2343 722 2421 quia
753 2347 1018 2403 inutiliter
1046 2348 1298 2418 intendo,
1343 2347 1454 2403 dari
1495 2350 1622 2404 mihi
1653 2356 1940 2424 oportere,
1987 2341 2110 2421 q'uia
2153 2348 2272 2404 litis

336 2434 732 2504 contestatione
764 2432 879 2487 dari
910 2441 1165 2505 oportere
1197 2432 1387 2489 desiit:
1421 2433 1579 2489 aliter
1607 2442 1768 2508 atque
1799 2434 1844 2489 si
1876 2434 2102 2506 imperio
2135 2448 2270 2488 con-

337 2520 526 2576 tinenti
559 2516 756 2575 iudicio
788 2518 1021 2592 egerim
1056 2526 1183 2573 tunc
1215 2518 1356 2573 enim
1388 2518 1559 2573 nihilo
1591 2520 1766 2574 minus
1793 2516 2052 2591 obligatio
2085 2516 2271 2589 durat,

336 2613 390 2660 et
420 2603 542 2659 ideo
575 2605 693 2675 ipso
725 2605 842 2657 iure
873 2612 1060 2675 postea
1085 2618 1245 2676 agere
1277 2619 1523 2675 possum,
1556 2602 1649 2658 sed
1675 2601 1845 2658 debeo
1875 2619 1976 2675 per
1997 2603 2273 2674 exceptio·

336 2703 458 2742 nem
489 2688 566 2741 rei
609 2687 871 2742 iudicatae
903 2686 989 2742 uel
1036 2688 1087 2741 in
1118 2686 1375 2742 iudicium
1407 2687 1671 2743 deductae
1714 2688 2064 2743 summoueri.
2128 2702 2271 2759 quac

336 2777 515 2827 autem
548 2769 785 2844 legitima
817 2774 929 2827 sint
968 2765 977 2848 Ι
1016 2770 1210 2828 iudicia
1241 2779 1297 2827 et
1327 2788 1462 2845 quae
1494 2773 1719 2845 imperio
1752 2773 2150 2844 contineantur,
2183 2787 2270 2826 se-

336 2857 525 2929 quenti
555 2856 923 2932 conmentario
954 2855 1273 2912 reseremus

460 2937 587 2996 182.
635 2940 989 2995 Transeamus
1030 2957 1174 2996 nunc
1214 2940 1278 2997 ad
1332 2939 1723 3014 obligationeS,
1768 2932 1919 3014 quae
1947 2957 2011 2995 ex
2064 2939 2268 2995 delicto
2290 2943 2414 3011 {252}

473 3134 514 3200 ¹)
551 3152 603 3185 e*
641 3136 777 3196 (erat
812 3136 893 3202 qa)
930 3140 1111 3190 uidetur
1137 3139 1190 3189 C.
1224 3147 1271 3189 et
1297 3140 1516 3190 uideatur
1540 3141 1655 3191 edd.
1682 3147 1731 3189 et
1764 3155 1872 3189 mea
1900 3148 1957 3198 1.,
1992 3141 2089 3189 sed
2106 3154 2270 3202 prae·

334 3212 560 3271 postere.
672 3202 713 3268 ²)
744 3221 770 3253 n
800 3206 852 3259 0.
878 3208 1010 3256 unde
1033 3213 1175 3256 recte
1215 3223 1300 3256 nec
1324 3208 1404 3257 ed.
1434 3207 1533 3271 By.
1557 3217 1600 3260 5.
1631 3205 1794 3273 (nam)
1822 3224 1914 3257 non
1941 3210 2020 3257 ed.
2047 3222 2155 3256 mea
2179 3218 2219 3256 1.

335 3363 403 3421 cf.
442 3356 536 3425 33.
573 3371 764 3411 93.119
802 3369 889 3411 176.
1038 3343 1132 3425 33.
1172 3360 1283 3414 180
1313 3360 1425 3410 181.
1468 3360 1547 3422 Cf,
1579 3372 1621 3423 4,
1659 3371 1732 3411 109
1763 3376 1873 3426 seq.
1912 3370 2002 3413 114
2041 3325 2129 3412 im.
2168 3367 2266 3408 129.

336 3429 424 3476 Fr.
469 3430 713 3480 Vataea.
752 3425 807 3490 3.
848 3438 913 3479 ιο
953 3427 1000 3480 Ι.
1038 3428 1249 3477 deeoec.
1289 3424 1482 3491 (4‚1a).
1520 3430 1584 3482 L
1621 3438 1686 3481 29.
1734 3429 1796 3481 L.
1835 3440 1898 3477 11.
1933 3426 1985 3491 3.
2020 3438 2059 3477 1
2097 3426 2162 3477 D.
2201 3427 2272 3475 de

338 3503 501 3546 novae.
539 3494 623 3556 (46,
648 3492 713 3555 2).
752 3495 817 3546 L
843 3504 884 3546 9.
909 3492 961 3557 3.
991 3506 1055 3544 ιι.
1096 3495 1158 3543 L.
1184 3505 1249 3547 50
1281 3494 1335 3558 3.
1362 3505 1402 3548 2
1441 3497 1506 3547 D.
1535 3498 1598 3545 de
1619 3499 1782 3558 pecul.
1811 3494 1899 3557 (15,
1928 3497 1990 3555 1).
2030 3494 2095 3542 L.
2121 3504 2147 3541 3
2177 3508 2271 3556 pr.

344 3558 397 3606 C.
424 3561 484 3606 de
511 3576 647 3613 usur.
675 3563 755 3611 rei
785 3562 887 3610 iud.
918 3571 977 3623 (¹1,
1003 3562 1094 3627 54).
1234 3558 1430 3627 §.182
1471 3561 1547 3624 Cf.
1585 3564 1650 3611 L.
1675 3574 1717 3617 4,
1753 3562 1819 3611 D.
1849 3565 1912 3612 de
1944 3562 2040 3613 obl.
2079 3567 2132 3609 et
2162 3568 2273 3614 act.
