2546 3928
776 189 894 226 Gan
932 189 1136 225 msn'r.
1175 175 1273 224 ΙΙΙ.
1316 177 1550 225 72-76.
2007 174 2125 230 143

322 309 414 370 72.
475 312 774 386 Aliquando
832 308 1040 369 tamen¹
1101 316 1234 369 ciuis
1277 313 1543 369 Romanus
1586 314 1814 369 libertus
1859 324 2130 386 tamquam

192 398 416 453 Latinus
461 400 709 467 moritur,
755 397 927 452 ueluti
959 399 1001 452 si
1032 398 1251 454 Latinus
1285 398 1436 454 saluo
1479 399 1596 452 iure
1628 397 1839 470 patroni
1870 396 1933 452 ab
1966 398 2133 472 impe·

190 489 378 537 ratore
420 483 504 537 ius
536 480 825 549 Quiritium
869 490 1197 538 consecutus
1233 483 1430 538 fuerit:
1473 481 1640 546 ’2'tem‚
1676 476 1772 537 ut²
1805 481 1962 536 diuus
1994 481 2131 538 Tra-

191 567 349 622 ianus
392 567 697 635 constituit,
746 565 792 620 si
834 565 1054 622 Latinus
1097 568 1270 622 inuito
1316 566 1402 622 uel
1446 567 1730 639 ignorante
1773 574 2006 639 patrono
2048 569 2131 622 ius

193 649 482 716 Quiritium
527 651 590 706 ab
631 651 959 723 imperatore
999 659 1327 707 consecutus
1368 652 1468 705 sit:
1515 649 1711 722 quibus
1750 649 1964 706 casibus
2004 650 2130 705 dnm

197 736 337 790 uiuit
377 735 480 790 iste
522 733 770 805 libertuS,
813 737 1005 791 ceteris
1051 734 1257 790 ciuibus
1289 733 1540 790 Romanis
1579 733 1786 791 libertis
1828 735 2017 791 similis
2049 743 2133 790 est

191 828 250 874 et
295 820 469 875 iustos
513 818 714 875 liberos
762 828 1031 891 procreat,
1076 821 1307 874 moritur
1349 828 1525 874 autem
1558 816 1732 874 Latini
1774 821 1910 890 iure,
1953 835 2055 875 nec
2084 821 2133 874 ei

192 902 358 959 liberi
385 905 507 959 eius
529 902 758 959 heredes
790 919 913 959 esse
944 911 1204 976 possunt3
1239 913 1294 960 et
1325 906 1377 959 in
1417 904 1520 958 hoc
1554 910 1762 958 tantum
1786 902 1945 958 habet
1969 911 2134 959 testa-

194 989 366 1043 menti
419 986 725 1057 factionem,
779 988 859 1042 uti
906 997 1195 1060 patronum
1251 988 1504 1044 heredem
1556 989 1805 1045 instituat
1857 989 2036 1060 eique,
2087 989 2132 1042 si

194 1071 356 1127 heres
400 1088 519 1127 esse
561 1071 822 1143 noluerit,
870 1073 1032 1127 alium
1073 1072 1405 1129 substituere
1448 1073 1643 1145 possit.
1744 1068 1838 1128 73.
1897 1071 1964 1127 Et
2009 1074 2135 1145 quia

195 1155 299 1211 hac
323 1157 715 1212 constitutione
740 1155 1026 1212 uidebatur
1048 1156 1320 1227 effectum,
1352 1164 1409 1211 ut
1444 1173 1735 1229 numquam
1764 1157 1858 1212 isti
1888 1157 2132 1212 homines

198 1249 472 1312 tamquam
517 1242 663 1297 ciues
707 1239 929 1295 Romani
971 1250 1336 1311 morerentur,
1391 1242 1637 1312 quamuis
1679 1257 1743 1295 eo
1786 1242 1900 1295 iure
1942 1249 2135 1313 postea

195 1325 281 1379 usi
307 1333 511 1396 essent,
544 1340 652 1397 quo
686 1323 773 1379 uel
799 1340 864 1378 ex
887 1323 1011 1396 lege
1035 1325 1197 1380 Aelia
1231 1324 1413 1379 Sentia
1435 1325 1524 1379 uel
1549 1341 1611 1378 ex
1636 1333 1856 1378 senatus
1881 1324 2134 1380 consulto

92 1405 175 1474 226]
198 1410 352 1464 ciues
395 1410 618 1464 Romani
661 1416 866 1478 essent,
921 1407 1079 1462 diuus
1121 1407 1442 1478 Hadrianus,
1483 1409 1769 1479 iniquitate
1812 1409 1889 1462 rei
1933 1415 2134 1475 motuS,

194 1500 393 1548 auctor
436 1492 540 1547 suit
568 1500 788 1546 senatus
823 1490 1062 1547 consulti
1094 1490 1364 1563 faciundi,
1410 1500 1466 1544 ut
1498 1492 1589 1564 qui
1620 1492 1904 1564 ignorante
1937 1493 2022 1548 uel
2053 1510 2138 1557 re-

190 1584 432 1632 cusante
462 1582 693 1647 patrono
738 1573 802 1630 ab
834 1576 1158 1647 imperatore
1187 1576 1269 1629 ius
1304 1573 1589 1641 Quiritium
1623 1578 1901 1631 consecuti
1933 1586 2137 1646 essent,

194 1663 246 1715 si
292 1675 360 1714 eo
403 1660 519 1714 iure
564 1664 754 1731 postea
796 1659 880 1712 usi
912 1668 1113 1730 essent,
1157 1675 1265 1732 quo
1311 1676 1375 1713 ex
1405 1658 1528 1733 lege
1560 1659 1706 1714 Aelia
1737 1659 1921 1716 Sentia
1954 1661 2041 1716 uel
2073 1678 2138 1717 ex

191 1750 427 1800 senatus
451 1742 727 1814 consulto,
759 1745 802 1799 si
825 1742 995 1798 Latini
1026 1744 1368 1814 mansissent,
1400 1745 1670 1799 ciuitatem
1692 1743 1979 1800 Romanam
2010 1762 2139 1802 con-

193 1835 599 1902 sequerentur,
629 1827 855 1901 proinde
898 1828 998 1900 ipsi
1045 1827 1389 1898 haberentur,
1439 1844 1499 1884 ac
1540 1829 1587 1884 si
1621 1828 1745 1904 lege
1776 1829 1922 1885 Aelia
1952 1828 2137 1886 Sentia

198 1913 293 1971 uel
326 1920 548 1969 senatus
579 1913 830 1969 consulto
864 1911 926 1968 ad
959 1913 1234 1984 ciuitatem
1267 1913 1554 1969 Romanam
1586 1916 1984 1987 peruenissent.
2025 1908 2033 1992 1

328 1994 422 2053 74.
473 1996 669 2052 Eorum
702 2005 902 2068 autem,
947 1993 1084 2069 quos
1117 1997 1201 2052 lex
1233 1996 1380 2051 Aelia
1413 1997 1599 2053 Sentia
1633 1998 2006 2053 dediticiorum
2040 2015 2138 2053 nu·
2160 2005 2272 2056 147.

201 2099 354 2138 mero
389 2082 535 2150 facit,
576 2080 719 2137 bona
751 2082 912 2136 modo
946 2082 1097 2154 quasi
1129 2085 1341 2137 ciuium
1372 2082 1763 2138 Romanorum
1796 2080 2138 2153 libertorum,

202 2165 368 2222 modo
395 2167 547 2239 quasi
567 2164 881 2221 Latinorum
907 2164 971 2220 ad
997 2173 1258 2238 patronos
1296 2167 1590 2239 pertinent.
1664 2160 1754 2220 75.
1800 2165 1930 2221 Nam
1954 2181 2139 2221 eorum
2226 2175 2231 2178 “

203 2250 368 2321 bona,
413 2252 524 2322 qui,
568 2252 612 2304 si
653 2254 709 2305 in
740 2249 921 2323 aliquo
954 2250 1086 2305 uitio
1119 2267 1229 2306 non
1259 2257 1463 2321 essent,
1508 2251 1817 2306 manumissi
1859 2251 2006 2306 ciues
2036 2249 2140 2306 Ro·

204 2336 348 2390 mani
388 2334 556 2390 futuri
599 2341 804 2405 essent,
851 2335 1005 2407 quasi
1047 2335 1246 2390 ciuium
1278 2334 1637 2390 Romanorum
1680 2336 1922 2408 patronis
1954 2335 2138 2391 eadem

204 2419 331 2493 lege
361 2417 702 2474 tribuuntur:
746 2436 854 2474 non
889 2428 1064 2475 tamen
1095 2419 1150 2473 hi
1182 2418 1380 2474 habent
1422 2421 1580 2474 etiam
1615 2420 1927 2474 testamenti
1956 2417 2143 2474 factio-

206 2519 358 2558 nem:
402 2520 525 2559 nam
555 2501 610 2558 id
640 2502 918 2576 plerisque
949 2504 1169 2576 placuit,
1211 2518 1314 2557 nec
1342 2503 1615 2557 inmeritO.
1677 2518 1797 2555 nam
1828 2501 2142 2557 incredibile

207 2586 513 2658 uidebatur,
556 2589 834 2660 pessimae
866 2586 1196 2642 condicionis
1226 2583 1535 2640 hominibus
1566 2584 1809 2639 uoluisse
1840 2583 1979 2658 legis
2009 2584 2145 2640 lato·

206 2687 322 2726 rem
345 2674 655 2728 testamenti
679 2671 912 2727 faciundi
944 2672 1025 2726 ius
1059 2667 1374 2725 concedere.
1464 2663 1555 2725 76.
1605 2667 1803 2723 Eorum
1828 2685 1960 2723 uero
1985 2667 2140 2737 bona,

210 2757 334 2828 qui,
389 2757 433 2810 si
477 2772 586 2811 non
628 2757 684 2810 in
727 2756 909 2829 aliquo
955 2755 1088 2811 uitio
1133 2761 1346 2823 essent,
1401 2753 1712 2809 manumissi
1756 2754 1929 2810 futuri
1971 2753 2145 2809 Latini

209 2848 416 2911 essent,
458 2840 688 2913 proinde
720 2840 1035 2895 tribuuntur
1064 2840 1332 2912 patroniS,
1377 2853 1435 2893 ac
1466 2837 1512 2892 si
1541 2837 1714 2893 Latini
1749 2838 2142 2894 decessissent:

348 3054 389 3117 ¹)
426 3057 535 3107 Pro
564 3064 626 3105 tm
662 3053 870 3117 (tamen)
905 3053 1280 3129 videtur—huius
1313 3055 1414 3104 loci
1444 3068 1555 3103 esse
1589 3062 1752 3104 contra
1788 3057 1866 3104 vel
1891 3070 1915 3104 6
1940 3056 2143 3105 diverso.

212 3139 290 3203 Cf.
318 3139 374 3204 S.
402 3149 470 3189 64.
542 3138 590 3205 ²)
630 3155 736 3189 nam
773 3139 828 3200 (ἰ.
854 3155 897 3188 6.
924 3130 953 3186 ι’]
976 3154 1074 3203 pro
1101 3141 1157 3201 it)
1197 3146 1244 3186 nt
1268 3137 1326 3187 0.
1369 3153 1474 3187 nam
1501 3141 1564 3189 ita
1599 3139 1810 3189 Lachm.
1844 3142 1924 3190 ed.
1963 3157 2070 3191 nam
2097 3149 2145 3189 nt

211 3209 289 3262 ed.
304 3208 403 3272 By.
430 3207 540 3258 Sed
543 3214 727 3272 postea
743 3207 897 3284 Gaius
910 3209 1192 3269 complures
1209 3222 1362 3256 casus
1378 3208 1649 3271 siqnificat.
1677 3210 1803 3265 item,
1826 3216 1874 3258 ut
1893 3207 1994 3272 By.
2009 3212 2090 3259 ed.
2105 3218 2143 3257 5.

344 3410 397 3479 ξ.
424 3413 508 3461 72.
553 3412 629 3472 Cf.
656 3408 710 3474 S.
737 3422 778 3464 4.
816 3410 863 3458 J.
892 3412 955 3459 de
981 3424 1198 3460 success.
1224 3410 1310 3459 lib.
1341 3410 1404 3471 (3,
1431 3409 1495 3473 7).
1535 3409 1668 3458 Plin.
1695 3424 1775 3468 ep.
1804 3418 1865 3463 10,
1891 3417 1931 3454 4.
1958 3415 2051 3456 105.

214 3475 264 3545 ξ.
291 3482 373 3533 73.
416 3479 494 3542 Cf.
523 3492 561 3537 1,
587 3490 636 3529 29
660 3494 767 3544 seq.
802 3487 852 3526 66
876 3492 985 3541 seq.
1023 3486 1074 3527 69
1105 3492 1212 3542 seq.
1318 3474 1370 3543 §-
1401 3479 1481 3527 74.
1524 3475 1603 3533 Cf.
1630 3486 1668 3532 1,
1695 3485 1742 3521 13
1767 3487 1871 3534 seq.
1979 3471 2034 3537 §-
2063 3473 2145 3521 ⁷5.

218 3546 294 3608 Cf.
320 3559 359 3605 1,
387 3557 453 3596 25.
479 3556 546 3601 26.
588 3546 703 3609 Ulp.
730 3557 800 3608 20,
828 3555 889 3595 ιι.
921 3554 990 3595 15.
