2546 3928
1127 178 1310 212 GAtvs,
2107 165 2184 220 13

122 301 220 360 [91]
251 302 307 347 et
331 296 395 346 de
423 296 626 361 legatis
653 296 727 361 (p.
753 298 866 346 155.
885 300 990 346 not.
1012 295 1089 359 2):
1119 296 1211 361 qui
1232 297 1452 360 quidem
1471 296 1617 358 libri,
1644 301 1706 346 ut
1732 299 1938 362 opinor,
1969 300 2037 348 ab
2066 300 2188 363 ipso

250 363 446 428 Gaio,¹
485 371 788 429 praeeunte
827 364 1224 427 quodammodo
1262 363 1531 425 ΙιιΙίεωο,2
1578 365 1715 414 scite
1766 365 1934 415 electi
1972 372 2026 417 et
2063 367 2189 416 huic

249 448 394 481 anno
439 431 704 481 destinati
752 438 907 494 sunt,
969 433 1100 494 quia
1145 432 1203 480 in
1248 431 1334 482 his
1381 432 1628 481 materiis
1675 434 2002 496 gravissima
2060 448 2190 497 pars

249 499 386 548 iuris
426 499 612 549 civilis
649 503 762 547 tam
800 500 1006 549 veteris
1055 513 1217 561 quam
1256 500 1389 549 novi
1426 498 1683 560 (maxime
1725 515 1791 548 ex
1827 500 1951 564 lege
1988 500 2091 551 Iul.
2132 505 2190 549 et

249 567 314 614 P.
359 565 442 628 P.)
492 567 600 616 sita
651 570 787 617 erat.
864 567 1223 630 Sequentium
1269 581 1534 615 annorum
1581 567 1923 616 lastinianus
1972 572 2192 616 tantum

250 632 447 682 titulos
487 638 892 696 commemorat,
938 634 995 681 in
1033 634 1204 697 prima
1251 638 1409 696 parte
1461 649 1526 682 ex
1563 634 1815 683 omnibus
1864 635 1981 683 eius
2016 633 2192 695 libris,

248 702 310 749 in
345 701 597 765 partibus
635 700 702 750 de
741 701 964 750 iudiciis
1004 705 1058 749 et
1096 700 1163 750 de
1202 701 1364 750 rebus
1410 716 1477 749 ex
1515 706 1728 765 septem
1777 701 2045 762 delectos;
2092 702 2189 750 sed

247 771 310 817 et
347 767 581 832 singulis
625 767 804 817 titulis
841 766 1115 817 Gaianum
1162 782 1301 831 opus
1338 768 1652 818 constitisse
1703 768 1812 817 iam
1849 768 2192 819 animadver-

248 834 475 885 timus-'⁵
535 834 789 885 Ceterum
830 850 948 884 cum
989 836 1160 884 etiam
1205 835 1262 882 in
1300 836 1597 898 provinciis
1636 840 1691 884 et
1727 837 1963 884 maxime
2001 835 2193 898 Beryti

250 907 310 951 et
356 901 837 967 Constantinopoli
884 904 970 952 ius
1016 902 1205 950 doceri
1252 907 1506 966 coeptum
1553 908 1720 964 esset,
1768 902 1852 952 his
1889 903 1956 963 in*
1985 902 2192 952 scholis

251 968 384 1018 Gaii
426 970 581 1020 libris
629 969 699 1018 ad
749 971 988 1019 edietum
1033 969 1282 1018 urbicum
1329 971 1534 1019 alteros
1580 970 1649 1019 ad
1698 970 1936 1019 edictum
1975 970 2192 1034 provin-

244 1035 392 1085 ciale
431 1037 762 1087 substitutos
802 1053 941 1098 esse,
989 1035 1310 1086 solennibus
1347 1043 1532 1086 tamen
1569 1038 1821 1102 partibus
1870 1042 1924 1086 et
1958 1038 2190 1087 nomini-

251 1105 358 1152 bus
395 1104 649 1166 retentis,
695 1105 753 1153 id
799 1119 917 1153 eum
964 1120 1022 1154 re
1068 1105 1191 1168 ipsa
1228 1104 1529 1154 verisimile
1570 1103 1700 1168 est,4
1745 1110 1858 1153 tum
1898 1120 1961 1154 eo
2000 1103 2188 1154 confir·

250 1173 454 1227 matur,
506 1172 647 1236 quod
682 1172 979 1220 Iustiniani
1016 1176 1261 1235 tempore
1300 1172 1427 1220 libri
1465 1171 1534 1220 ad
1573 1172 1808 1222 edietum
1846 1173 2189 1237 provinciale

246 1237 460 1302 integri
495 1239 779 1302 extabant,
820 1255 887 1288 ex
922 1239 1080 1288 libris
1120 1238 1190 1286 ad
1227 1238 1311 1288 ed.
1343 1240 1591 1288 urbicum
1628 1255 1754 1288 vero
1792 1241 1848 1288 in
1887 1238 2189 1304 provineiis

248 1299 475 1355 scilicet
508 1306 778 1370 neglectis
817 1310 1031 1355 tantum
1071 1305 1265 1355 decem
1303 1312 1636 1371 supererant.

396 1488 438 1547 ι)
485 1489 587 1537 Hoc
623 1491 882 1538 conicienti
928 1490 1045 1537 mihi
1089 1491 1249 1537 nescio
1293 1489 1525 1552 quomodo
1558 1490 1809 1537 Rudortius
1852 1491 2116 1550 (Zeitschr.
2154 1492 2187 1540 Γ.

254 1555 602 1615 Rechtsgesch.
627 1557 710 1604 111.
732 1571 778 1618 p.
804 1553 903 1619 39.)
940 1557 1052 1604 vitio
1092 1563 1268 1604 vertere
1303 1557 1465 1618 possit,
1512 1556 1635 1617 quod
1676 1547 1767 1604 tion
1802 1558 2111 1620 respexerim‚
2149 1564 2192 1605 et

253 1623 533 1682 visigothos
560 1630 605 1671 et
630 1620 894 1672 Orientales
920 1638 972 1671 ex
997 1630 1214 1686 quattuor
1233 1623 1338 1673 Gaii
1358 1623 1705 1671 Institutionum
1732 1624 1868 1672 libris
1893 1624 2008 1672 duos
2032 1632 2190 1688 poste-

253 1691 410 1740 riores
445 1690 494 1737 in
530 1690 712 1738 scholis
747 1691 1000 1739 abiecisse.
1061 1691 1174 1738 Nam
1213 1697 1257 1738 et
1291 1691 1415 1755 quod
1450 1690 1509 1737 de
1544 1690 1861 1740 Orientalibus
1896 1693 2027 1753 dicit,
2062 1692 2188 1741 nullo

251 1764 450 1806 auctore
465 1754 723 1818 nititur(cf.
740 1773 783 1820 p.
796 1766 883 1806 155.
899 1765 993 1806 not.
1007 1755 1070 1820 3),
1087 1772 1172 1806 nec
1187 1764 1332 1806 totum
1345 1757 1450 1818 hoc,
1478 1759 1601 1821 quod
1614 1772 1777 1806 omnes
1788 1761 1958 1822 partim
1971 1759 2190 1808 barbarie

254 1825 397 1874 istius
420 1825 524 1873 aevi
550 1825 832 1888 pigritiaque
851 1825 1120 1873 scholarum
1139 1827 1311 1888 partim
1337 1825 1655 1880 desuetudine,
1682 1827 1729 1875 in
1755 1841 1894 1889 quam
1920 1827 1992 1874 ius
2018 1828 2065 1874 in
2091 1828 2189 1875 illis

178 1894 183 1899 ’
257 1892 398 1942 libris
434 1892 654 1940 traditum
689 1892 884 1948 abierat,
923 1895 1138 1941 effectum
1173 1907 1277 1940 esse
1314 1894 1633 1951 consentiunt,
1668 1894 1727 1941 ad
1760 1908 1876 1949 rem,
1914 1894 1971 1941 de
1996 1909 2085 1955 qua
2110 1893 2189 1941 hic

253 1961 426 2020 agitur,
467 1960 718 2023 quicquam
754 1961 886 2011 lacit.
936 1960 1067 2017 Quod
1096 1975 1204 2009 vero
1242 1961 1300 2009 de
1333 1960 1380 2008 b.
1416 1976 1463 2023 p.
1503 1961 1624 2024 apud
1650 1961 1752 2010 Gai.
1777 1971 1817 2020 3,
1842 1971 1908 2009 33.
1934 1959 2114 2017 obiicit,
2141 1960 2190 2009 id

256 2042 334 2075 me
367 2042 454 2075 nec
491 2027 778 2076 intellexisse
811 2030 977 2078 fateor.
1051 2024 1093 2089 ²)
1133 2028 1176 2075 ls
1211 2028 1338 2075 enim
1363 2027 1449 2076 has
1474 2029 1714 2083 materiaS‚
1750 2028 1904 2076 adhuc
1942 2034 2116 2075 tantum
2142 2027 2190 2074 in

257 2095 397 2143 libris
424 2095 542 2143 iuris
568 2095 725 2143 civilis
751 2103 795 2143 et
820 2096 1020 2143 maxime
1045 2096 1093 2143 in
1120 2095 1395 2144 Sabinianis
1420 2095 1689 2143 accuratius
1710 2102 1947 2150 tractataS,
1973 2095 2021 2142 in
2048 2094 2191 2142 edicti

254 2162 470 2226 perpetui
509 2164 853 2225 compositione
879 2163 1018 2211 etiam
1046 2163 1199 2211 edicto
1226 2170 1508 2218 asseruerat,
1543 2177 1663 2223 quae
1687 2163 1864 2225 passim
1890 2162 1946 2210 de
1970 2162 2029 2209 iis
2055 2168 2191 2209 antea

255 2229 584 2287 edicebantur,
613 2230 877 2289 colligendo
905 2238 949 2278 et
972 2230 1059 2277 sub
1086 2230 1232 2278 certis
1257 2230 1406 2278 titulis
1426 2230 1572 2278 semel
1596 2230 1919 2293 proponendo,
1964 2230 2033 2277 Cl'.
2064 2230 2194 2278 Leist

258 2296 642 2358 Rechtssysteme
665 2312 713 2359 p.
741 2306 826 2353 62„
853 2313 876 2345 a
905 2312 994 2360 quo
1022 2297 1232 2346 adhibito
1260 2298 1622 2359 Byzantinorum
1648 2298 1918 2346 testimonio
1946 2303 1990 2345 et
2014 2293 2191 2344 diserto

258 2370 308 2411 et
332 2364 579 2413 verisimili
615 2372 806 2427 propter
845 2372 1080 2413 caeteram
1117 2379 1276 2413 eorum
1302 2366 1617 2425 ignorantiam
1651 2364 1768 2413 fides
1804 2364 2073 2424 deroganda
2099 2378 2190 2410 non

255 2438 376 2483 erat.
430 2426 473 2493 3)
499 2431 654 2480 Etiam
682 2446 782 2480 mos
801 2432 1062 2491 singulares
1083 2433 1232 2481 libros
1251 2432 1537 2494 appellandi,
1560 2446 1665 2479 cum
1686 2431 1825 2479 unico
1846 2431 1967 2479 libro
1989 2444 2192 2491 opuscu-

257 2500 357 2547 lum
381 2505 631 2557 constaret,
669 2501 908 2562 antiquior
932 2500 1050 2548 Gaio
1085 2514 1178 2547 non
1214 2500 1412 2546 videtur.
1463 2500 1542 2546 Sic
1579 2505 1767 2560 praeter
1799 2498 1952 2559 ipsum
1988 2498 2088 2545 eius
2114 2511 2191 2544 ae-

257 2566 422 2628 quales
448 2566 676 2615 lulianum
701 2567 759 2614 de
785 2565 1186 2625 ambiguitatibuS,
1224 2565 1530 2627 Pomponium
1557 2563 1810 2613 enchiridii
1837 2564 2007 2613 librum
2031 2565 2193 2626 singu-

258 2634 408 2681 larem
442 2634 629 2682 invenio
665 2634 933 2697 scripsisse.
992 2630 1145 2682 Antea
1182 2632 1305 2680 liber
1338 2631 1619 2693 simpliciter
1654 2632 1911 2688 dicebatur,
1954 2647 2021 2686 ex.
2046 2648 2115 2694 gr.
2145 2640 2194 2681 ut

259 2701 553 2762 antiquiores
580 2707 776 2756 taceam,
803 2700 980 2749 Neratii
1006 2700 1155 2748 Prisci
1182 2698 1238 2747 de
1263 2698 1453 2748 dotibus
1478 2697 1621 2763 (Gell.
1646 2710 1683 2757 4,
1710 2698 1772 2762 4),
1811 2701 2002 2749 Masurii
2028 2702 2191 2750 Sabini

258 2768 323 2815 de
347 2768 482 2815 furtis
509 2769 649 2828 (Gell.
678 2779 739 2826 11,
769 2767 854 2831 18),
895 2768 1127 2817 Labeonis
1163 2767 1221 2816 de
1246 2768 1408 2815 officio
1444 2769 1683 2817 senatorio
1718 2767 1860 2829 (Gell.
1883 2779 1928 2830 4,
1953 2767 2039 2828 10),
2077 2769 2191 2817 Cas-

257 2834 391 2883 cellii
417 2850 535 2883 unus
559 2836 913 2885 benedictorum
947 2835 1024 2895 (L.
1051 2844 1091 2883 2.
1123 2832 1178 2897 S.
1203 2843 1269 2884 45.
1299 2836 1354 2883 D.
1380 2836 1438 2883 de
1462 2836 1581 2896 orig.
1607 2836 1699 2883 iur.
1726 2846 1763 2891 1,
1790 2832 1853 2897 2).
1911 2834 1964 2890 Q.
1990 2835 2192 2885 Mucium

258 2916 373 2949 vero
420 2902 511 2950 alia
546 2904 729 2951 ratione
763 2904 935 2951 librum
985 2903 1271 2962 singularem
1307 2892 1455 2963 ὅρων
1488 2904 1755 2965 scripsisse,
1791 2902 1975 2950 ratione
2009 2903 2195 2952 seilicet

259 2968 422 3017 habita
460 2970 688 3019 librorum
723 2970 987 3019 octodecim
1021 2969 1079 3017 de
1114 2970 1217 3018 iure
1251 2970 1397 3028 civili,
1435 2970 1603 3033 quibus
1636 2971 1769 3033 quasi
1797 2970 2027 3019 universis
2053 2986 2192 3019 acce-

256 3036 410 3093 deret,
436 3038 532 3085 iam
556 3037 670 3089 dixi.
740 3036 785 3098 ⁴)
823 3038 1115 3086 Provinciale
1151 3038 1276 3085 enim
1303 3037 1508 3086 edictum
1544 3044 1589 3085 et
1621 3038 1775 3101 ipsum
1800 3037 2073 3086 continebat
2093 3040 2193 3088 edi·

258 3110 391 3151 ctum
415 3104 647 3160 urbicum,
673 3106 798 3168 quod
823 3113 871 3152 ut
896 3106 1103 3154 lulianus
1127 3112 1318 3168 praetor
1338 3112 1664 3167 composuerat
1689 3111 1734 3153 et
1757 3114 2066 3167 proposuerat
2090 3112 2195 3169 post

256 3179 487 3235 perpetuo
521 3173 740 3221 similiter
772 3173 1144 3236 proponendum,
1180 3174 1244 3220 ita
1269 3172 1538 3220 Hadrianus
1571 3173 1824 3235 proconsul
1859 3173 1906 3219 in
1933 3173 2195 3232 provinciis

256 3239 362 3286 suis
397 3240 702 3303 proposuisse
746 3248 789 3288 et
822 3240 941 3289 SCto
978 3241 1107 3288 facto
1153 3236 1321 3303 (cuius
1357 3240 1642 3288 iustinianus
1681 3245 1834 3288 const.
1870 3238 2018 3285 Tanta
2063 3240 2194 3287 circa

256 3303 317 3368 S.
344 3314 409 3353 18.
440 3304 674 3368 meminit)
709 3322 735 3355 a
771 3308 972 3355 caeteris
1016 3307 1380 3370 proconsulibus
1416 3307 1769 3369 proponendum
1803 3316 1999 3352 curasse
2035 3305 2194 3351 existi-

256 3372 461 3420 mandus
488 3380 572 3421 est.
620 3374 748 3423 Unde
773 3375 975 3423 Paeanio
999 3381 1118 3423 teste
1145 3373 1225 3435 (ad
1252 3374 1444 3436 Eutrop.
1470 3382 1509 3429 8,
1534 3370 1579 3435 9)
1609 3374 1812 3422 edictum
1837 3368 1962 3443 qupd
1987 3370 2033 3416 in
2062 3369 2195 3416 ltalia

256 3441 428 3489 Latine
472 3440 715 3489 dicebatur
751 3449 1036 3505 perpetuum,
1079 3443 1219 3490 etiam
1255 3456 1340 3489 suo
1377 3448 1586 3501 tempore
1622 3432 1686 3487 τὸ
1716 3432 2038 3495 Ἀδριανιον
2066 3433 2196 3480 voci·

255 3515 409 3556 tatum
436 3515 521 3556 est.
