2546 3928
863 233 978 268 cnm
1015 227 1212 268 meum.
1252 219 1346 270 IV.
1384 221 1618 269 61—62.
2086 222 2212 280 203

2230 361 2354 411 211.

1245 476 1329 481 —
1372 440 1460 501 61.
1510 439 2047 517 ¹Compensationes
2076 437 2264 523 quo-²·
2291 445 2335 478 ⁵·

277 546 392 603 que
436 532 735 601 oppositae
771 532 1113 603 plerumque
1156 530 1442 601 efficiunt,
1485 536 1551 596 ut
1578 533 1766 586 minus
1805 536 2046 606 quisque
2077 551 2212 591 con·

277 621 589 685 sequatur,
636 631 806 687 quam
840 618 893 670 ei
920 615 1256 670 debebatur.
1319 614 1392 670 In
1436 616 1618 671 bonae
1646 616 1787 685 fidei
1814 618 1960 672 enim
1991 620 2216 676 iudiciis

114 706 252 777 [23⁴1]
279 716 411 755 cum
449 700 637 755 libera
679 705 941 769 potestas
978 702 1236 771 permitti
1286 700 1560 755 uideatur
1597 700 1776 755 iudici
1813 715 1890 755 ex
1930 717 2115 775 aequo
2160 710 2215 760 et

281 785 426 841 bono
471 785 834 853 aestimandi,
878 790 1156 855 quantum
1198 785 1390 839 actori
1426 786 1658 840 restitui
1694 788 1975 853 oporteat,
2007 787 2122 843 hac
2153 791 2212 843 in

279 860 606 942 potestate²
642 866 652 941 Ι
691 869 1030 937 continetur,
1064 876 1126 924 ut
1155 867 1345 924 habita
1377 869 1600 923 ratione
1626 869 1766 939 eius,
1793 868 1938 941 quod
1968 872 2211 927 inuicem
2230 868 2352 917 212.

283 958 532 1010 actorem
566 968 644 1009 ex
676 952 858 1007 eadem
891 967 1051 1009 causa
1090 962 1409 1024 praestare
1449 952 1732 1025 'oportere
1763 947 1994 1023 paret,3
2036 959 2091 1011 in
2123 971 2214 1011 re·
2239 943 2273 983 ²‘
2299 949 2337 985 s,

280 1038 496 1110 liquam*
535 1053 687 1106 eum,
729 1051 853 1093 cum
900 1054 1007 1111 quo
1050 1047 1228 1093 actum
1282 1046 1392 1108 est,
1437 1031 1844 1093 condemnare.‘¹
1929 1033 2025 1095 62.
2075 1039 2214 1095 Sunt

283 1255 422 1316 ierit,
458 1254 722 1302 aestimari
751 1258 922 1315 potest
947 1268 1018 1301 eoe
1042 1266 1121 1312 eo,
1157 1253 1294 1315 quod
1325 1254 1422 1300 iam
1455 1254 1506 1300 in
1537 1252 1664 1302 lust.
1689 1252 2100 1304 Institutionibus
2132 1271 2213 1304 se-

284 1324 454 1386 quitur
481 1321 555 1371 tit.
584 1322 647 1369 de
680 1327 780 1369 act.
816 1320 877 1382 (4,
903 1318 967 1379 6).
1004 1316 1057 1381 3.
1094 1329 1160 1369 36.
1196 1318 1359 1367 ‘Sunt
1391 1326 1669 1381 praeterea
1695 1323 1944 1383 quaedam
1969 1325 2215 1382 actiones,

284 1389 463 1454 quibus
497 1404 596 1437 non
619 1397 822 1449 semper
844 1385 1083 1446 solidum,
1120 1387 1257 1449 quod
1281 1385 1424 1435 nobis
1450 1386 1688 1447 debetur,
1715 1388 1812 1436 sed
1833 1390 1977 1438 modo
2001 1391 2213 1439 solidum

281 1456 661 1519 consequimur,
688 1454 838 1502 modo
859 1456 1031 1505 minus.
1085 1453 1151 1503 Ut
1175 1461 1308 1508 eece,
1333 1455 1380 1503 si
1401 1456 1453 1501 in
1473 1454 1720 1516 peculium
1747 1455 1847 1516 filii
1865 1458 2066 1506 seruiue
2092 1473 2216 1521 aya-⁶

281 1539 418 1575 mus:
444 1537 557 1570 nam
580 1522 627 1569 si
650 1536 754 1570 non¹
773 1522 931 1569 minus
954 1523 1007 1569 in
1031 1522 1228 1584 peculio
1252 1522 1336 1577 sit,
1365 1537 1510 1585 quam
1528 1523 1896 1585 persequimur,
1925 1525 1978 1571 in
1999 1526 2214 1573 solidum

283 1598 435 1653 pater
474 1589 759 1638 dominusue
793 1590 1181 1642 condemnatur,-
1220 1589 1268 1636 si
1299 1604 1422 1637 uero
1464 1590 1622 1637 minus
1650 1590 1934 1651 inuenitur,
1971 1590 2214 1640 kactenus

286 1658 586 1706 condemnat
611 1657 785 1714 iudex,
812 1661 1057 1721 quatenus
1081 1657 1132 1704 in
1152 1658 1355 1718 peculio
1379 1658 1447 1705 sit
1456 1671 1475 1709 ‚·
1508 1657 1913 1720 quemadmodum
1937 1664 2100 1707 autem
2124 1673 2215 1723 pe·

285 1726 463 1774 culium
495 1720 709 1787 intelliqi
742 1722 940 1780 debeat,
976 1739 1067 1772 suo
1093 1725 1272 1773 ordine
1296 1739 1634 1786 proponemus
1661 1722 1750 1786 (cf.
1776 1735 1819 1787 4,
1845 1733 1912 1774 69.
1941 1723 2028 1788 73).
2065 1723 2119 1789 3.
2145 1736 2213 1776 37.

283 1792 420 1841 Item
442 1792 489 1839 si
512 1792 576 1840 de
611 1793 727 1840 dote
761 1791 947 1841 iudicio
982 1793 1157 1840 mulier
1182 1799 1319 1854 aqut,
1351 1794 1540 1855 placet,
1576 1791 1819 1841 hactenus
1841 1795 2077 1843 maritum
2095 1808 2213 1844 con-

285 1861 515 1910 demnari
538 1858 749 1919 debere,
774 1857 1026 1923 qnatenus
1044 1859 1240 1918 facere¹
1253 1862 1436 1923 possit,
1473 1861 1530 1909 id
1551 1865 1643 1921 est,
1672 1867 1921 1924 quatenus
1937 1862 2223 1923 facultates>

285 1930 394 1978 eius
417 1928 696 1992 patiuntur.
742 1929 912 1992 itaque
936 1930 983 1977 si
1006 1928 1139 1978 dotis
1164 1928 1440 1992 quantitati
1462 1934 1771 1978 concurrant
1789 1928 2069 1990 facultates
2093 1931 2215 1987 eius,

284 1999 337 2047 in
369 1997 580 2046 solidum
615 1997 911 2051 damnatum
941 1997 988 2045 si
1018 1997 1193 2056 minus,
1228 1996 1281 2044 in
1306 2002 1510 2052 tantum,
1546 2003 1782 2061 quantum
1814 1993 1994 2056 facere
2029 2004 2217 2059 potest.

285 2065 515 2128 Propter
547 2065 878 2112 retentionem
910 2066 1107 2127 quoque
1140 2064 1276 2112 dotis
1308 2063 1548 2125 repetitio
1581 2063 1840 2112 minuitur:
1883 2080 1996 2113 nam
2029 2064 2090 2113 ob
2132 2065 2217 2112 im·

282 2136 477 2196 pensas
501 2131 556 2179 in
579 2146 664 2180 res
692 2131 890 2180 dotales
909 2129 1085 2190 factas
1118 2132 1301 2179 marito
1327 2131 1546 2178 retentio
1571 2144 1813 2180 concessa
1839 2138 1932 2189 est,
1960 2135 2078 2195 quia
2101 2133 2227 2195 ipso'

285 2202 397 2249 iure
432 2199 739 2248 necessariis
770 2196 1049 2260 sumptibus
1084 2199 1178 2246 dos
1208 2198 1469 2254 minuitur,
1500 2199 1630 2246 sicut
1663 2210 1732 2246 ex
1765 2197 2031 2248 latioribus
2062 2200 2217 2263 Diqe·

285 2273 482 2316 storum
510 2265 652 2315 libris
684 2280 992 2330 cognoscere.
1027 2266 1182 2315 liceat
1214 2264 1306 2327 (cf.
1339 2264 1454 2329 Uip.
1478 2275 1519 2313 6.
1553 2271 1602 2314 et
1635 2262 1820 2314 Boetia.
1854 2267 1927 2316 ad
1949 2265 2053 2316 Cic.
2082 2267 2212 2330 Top.

287 2345 354 2396 17,
379 2344 443 2388 66,
481 2350 531 2396 p.
558 2343 650 2382 378.
688 2331 773 2382 Or.
810 2349 953 2398 quem
987 2349 1117 2398 quae
1149 2334 1314 2382 tradit
1341 2334 1403 2382 de
1437 2335 1519 2381 rei
1550 2335 1768 2382 uoeoriae
1801 2335 2004 2384 actione
2028 2350 2099 2384 ex
2121 2335 2217 2384 lzoc

292 2400 407 2452 Gaii
429 2405 539 2452 loco
564 2401 797 2450 sumsisse
822 2401 1064 2450 credibile
1092 2397 1207 2464 est).
1244 2393 1297 2466 3.
1323 2409 1392 2450 38.
1440 2399 1547 2450 Sed
1570 2407 1621 2449 et
1651 2402 1699 2449 si
1722 2402 1832 2466 quis
1867 2418 1975 2450 cum
1994 2408 2223 2465 parente·

287 2476 377 2519 suo
401 2476 690 2533 patronoue
716 2477 855 2531 aqut,
879 2469 995 2518 item
1018 2470 1066 2517 si
1086 2471 1254 2519 socius
1278 2482 1385 2517 cum
1416 2468 1553 2518 socio
1579 2468 1765 2516 iudicio
1791 2470 2052 2519 societatis
2075 2475 2221 2531 ayat‘,

287 2552 388 2587 non
420 2540 536 2600 piu-s
571 2542 717 2586 actor
746 2537 1098 2601 consequitur,
1134 2548 1280 2601 quam
1315 2536 1651 2586 aduersarius
1670 2535 1785 2584 eiu-‘s¹
1805 2535 1988 2596 facere
2017 2542 2223 2598 potest:

286 2606 415 2654 idem
442 2611 545 2665 est,
578 2606 626 2652 si
652 2605 762 2668 quis
786 2619 856 2653 ex
879 2605 1154 2654 donatione
1187 2619 1282 2653 sua
1316 2605 1665 2653 conueniatur.
1715 2598 1768 2668 3.
1799 2613 1868 2657 39.
1909 2603 2217 2667 Compensa-

289 2674 456 2722 tiones
485 2688 681 2737 quoque
714 2674 983 2734 oppositae
1006 2676 1300 2736 plerumque
1326 2670 1569 2733 efficiunt,
1604 2678 1658 2719 ut
1680 2673 1839 2720 minus
1864 2672 2072 2736 quisque
2096 2687 2217 2722 con-

287 2745 547 2805 sequatur,
575 2748 721 2805 quam
747 2740 795 2787 ei
818 2739 1123 2788 debebatur:
1158 2754 1371 2804 namque
1395 2754 1467 2788 eae
1504 2748 1667 2803 aequo
1694 2745 1745 2788 et
1777 2738 1905 2788 bono
1929 2739 2102 2789 habita
2126 2756 2217 2788 ra-

288 2809 439 2857 tione·
458 2807 593 2864 eius,
629 2807 768 2871 quod
798 2808 1005 2856 inuicem
1030 2814 1252 2856 actorem
1277 2822 1348 2856 eoe
1381 2808 1556 2856 eadem
1579 2820 1737 2855 causa
1768 2813 2043 2869 praestare
2067 2822 2225 2869 opor·

289 2881 444 2932 teret,
478 2877 530 2923 in
563 2876 663 2923 reli
699 2880 808 2922 uum
844 2890 974 2931 eum,
1011 2886 1117 2924 eum
1143 2890 1239 2939 quo
1266 2880 1429 2923 actum
1463 2880 1569 2935 est,
1600 2875 1924 2936 condemnat,
1957 2874 2088 2922 sicut
2119 2874 2223 2922 iam

288 2943 472 2991 dictum
498 2940 611 2996 est)
705 2979 715 2989 .
740 2952 810 2991 40.
826 2979 839 3002 ,
870 2954 999 3007 quae
1032 2945 1258 3006 pertinet
1285 2944 1358 2991 ad
1379 2942 1621 2991 honorum
1643 2943 1943 2997 cessionem,
1969 2939 2217 2991 Iustinia-

287 3014 380 3059 πω
413 3014 524 3060 loco
552 3010 871 3060 deductionis
896 3004 1011 3076 (33.
1040 3011 1279 3071 etv-68),
1316 3024 1445 3074 quae
1469 3010 1586 3063 item
1621 3009 1940 3059 decoctorum
1964 3010 2220 3060 condicio—

288 3081 397 3127 nem
420 3084 638 3141 spectat,
670 3078 902 3139 posuisse
928 3084 977 3126 et
1012 3079 1217 3126 aliunde
1251 3079 1487 3126 sumsisse
1513 3077 1799 3126 credendus
1826 3084 1920 3126 est.
2030 3077 2068 3139 ¹)
2110 3077 2220 3127 Ini-

286 3147 406 3194 tium
447 3146 592 3194 lzuius
634 3138 692 3211 3ἱ
731 3145 897 3205 refeci
931 3147 1115 3208 paucis
1153 3145 1357 3194 mutatis
1399 3160 1469 3194 ex
1511 3139 1566 3210 3.
1611 3155 1676 3194 302
1716 3143 1766 3195 Ι.
1803 3147 1879 3195 de*
1909 3153 2010 3196 act.
2053 3147 2114 3209 (4,
2148 3143 2215 3208 6).

287 3212 332 3274 ²)
368 3229 465 3277 pro
492 3224 519 3260 *
538 3224 566 3259 *1
584 3223 612 3259 ιιι
630 3224 657 3260 *
682 3212 737 3262 C.
754 3249 768 3272 ‚
805 3220 857 3261 ut
883 3215 1098 3274 opinor:
1134 3221 1304 3277 potest.
1411 3211 1455 3274 ³)
1493 3213 1585 3263 Ex
1609 3229 1718 3263 mea
1742 3216 1811 3276 cj.
1835 3215 2039 3277 scripsi.
2076 3228 2219 3275 opor-

287 3289 406 3330 teret
430 3280 614 3330 Sclzed.
642 3282 759 3331 edd.
862 3278 905 3345 ⁴)
945 3282 1023 3330 De
1047 3281 1350 3330 anacolutho
1375 3280 1444 3343 cf.
1470 3291 1512 3342 3,
1540 3290 1630 3334 160.

423 3447 473 3518 §-
511 3452 593 3504 61.
647 3449 724 3511 Cf.
761 3447 796 3512 S
842 3491 853 3502 .
893 3461 958 3505 30.
994 3461 1061 3500 39.
1110 3450 1159 3499 I.
1199 3452 1263 3500 de
1307 3457 1408 3499 act.
1446 3449 1508 3511 (4,
1542 3448 1608 3501 s).
1663 3447 1763 3498 Cic.
1807 3448 1870 3496 de
1912 3447 2049 3509 offic.
2084 3457 2124 3504 s,
2151 3455 2216 3497 ιτ.

289 3517 346 3582 S.
372 3518 438 3568 ⁷0.
476 3516 625 3567 Paul.
650 3529 689 3576 2,
716 3526 757 3570 5.
825 3556 835 3566 .
860 3529 899 3568 3.
1044 3568 1055 3580 ‚
1081 3555 1092 3566 .
1120 3519 1201 3569 62.
1248 3517 1331 3578 Cf.
1360 3512 1411 3582 3.
1436 3527 1502 3566 28.
1541 3516 1588 3567 Ι.
1615 3514 1680 3567 ib.
1719 3513 1822 3562 Cic.
1849 3517 1882 3563 l.
1909 3530 1955 3563 c.
1996 3513 2122 3578 Top.
2150 3523 2216 3563 17.

290 3585 347 3650 S.
372 3596 438 3636 66.
479 3589 542 3636 de
569 3594 672 3638 nat.
701 3588 843 3635 deor.
870 3597 913 3645 3,
940 3597 1007 3636 30.
1078 3623 1088 3634 .
1115 3595 1180 3634 74.
1221 3587 1286 3634 L.
1311 3595 1361 3634 38
1383 3601 1465 3648 pr.
1493 3584 1556 3636 D.
1578 3596 1678 3644 pro
1703 3595 1808 3631 soc.
1837 3577 1923 3644 (17,
1950 3579 2015 3642 2).
