2546 3928
837 218 954 255 cun
994 221 1196 257 msa-11¹.
1233 207 1306 257 11.
1343 211 1645 261 239—243.
2087 207 2211 262 117

277 342 422 398 modi
466 344 675 416 species
719 353 862 399 sunt.
946 345 1047 400 sul)
1090 355 1237 400 certa
1284 364 1415 402 uero
1461 347 1924 403 demonstratione
1968 349 2207 404 incertae

276 438 720 501 personaerecte
751 428 989 502 legatur,
1025 429 1205 485 uelut:
1238 449 1321 486 Ex
1353 447 1666 488 COGNATIS
1699 447 1865 501 inme,
1912 448 2020 495 QVI
2049 448 2208 488 nvnc

276 528 454 582 svn'r,
505 529 611 576 QVI
641 529 871 570 PR1Mvs
919 531 1003 570 AD
1045 529 1241 571 Fvuvs
1286 533 1460 571 MEVM
1500 532 1794 591 VENERIT,
1838 532 1903 571 m
1949 534 1987 572 x
2029 533 2211 572 MILIA

273 611 476 653 nmms
519 612 681 654 MEVS
722 602 913 654 DATO'.
1000 594 1137 655 239.
1187 598 1427 654 Libertas
1472 617 1690 672 quoque
1732 617 1841 655 non
1885 599 2103 656 uidetur
2132 602 2210 656 in·

276 688 459 737 certae
483 698 748 755 personae
779 682 894 738 dari
926 700 1106 756 posse,
1142 685 1264 756 quia
1295 683 1382 739 lex
1415 683 1563 738 Fufia
1593 684 1808 740 Caninia
1836 684 2009 754 iubet,
2041 685 2209 739 nomi·

271 766 441 820 natim
472 776 663 821 seruos
694 767 929 822 liberari.
1021 764 1171 825 240.
1217 768 1392 824 Tutor
1417 786 1637 842 quoque
1670 777 1849 824 certus
1881 768 1996 824 dari
2028 768 2205 824 debet.

272 846 409 906 241.
471 851 729 906 Postumo
784 869 1003 924 quoque
1056 849 1231 908 alieno
1282 854 1549 908 inutiliter
1589 854 1822 926 legatur.
1895 861 1978 908 est
2023 862 2210 909 autem

271 935 478 989 alienus
510 944 818 1008 postumuS,
864 938 955 1008 qui
986 946 1145 992 natus
1177 938 1322 994 inter
1352 955 1481 993 suos
1516 937 1742 992 heredes
1775 940 2028 993 testatori
2060 938 2206 993 sutu-

268 1036 367 1073 rus
398 1036 509 1074 non
540 1028 654 1074 est.-
701 1020 935 1094 ideoque
966 1038 1025 1076 ex
1062 1024 1400 1096 emancipato
1443 1039 1663 1096 quoque
1705 1021 1814 1078 filio
1847 1015 2203 1096 'conceptusl

268 1121 446 1176 nepos
471 1112 762 1160 extraneus
786 1113 872 1160 est
898 1115 1200 1176 postumus
1222 1126 1366 1170 aem,-
1395 1108 1525 1163 item
1552 1111 1653 1179 qui
1679 1112 1737 1163 in
1771 1115 1928 1163 utero
1961 1115 2042 1162 est
2068 1108 2204 1177 eiUS,

267 1189 443 1260 'quae
476 1191 715 1245 conubio
746 1207 860 1244 non
891 1192 1306 1246 interueniente
1335 1193 1525 1257 dulc-ta
1558 1184 1680 1247 est²
1721 1209 1875 1261 uxor,
1920 1201 2205 1246 extraneus

126 1283 245 1342 [198]
270 1282 564 1346 postumus
605 1274 747 1348 patri
790 1267 1097 1350 continlgit.
1188 1270 1323 1331 242.
1370 1278 1447 1331 Ac
1476 1292 1544 1330 ne
1572 1277 1732 1329 ‘heres
1776 1275 1993 1348 quidem
2024 1283 2208 1347 potest
2230 1285 2342 1333 116.

267 1359 486 1413 institui
529 1367 817 1430 postumus
861 1357 1099 1412 alienus:
1154 1369 1236 1413 est
1280 1361 1421 1414 enim
1464 1361 1669 1413 incerta
1713 1374 1963 1431 persona.
2065 1353 2203 1415 243.

265 1442 463 1497 Cetera
498 1458 653 1512 uero,
696 1456 834 1512 quae
866 1458 1030 1513 snpra
1059 1441 1310 1512 diximuS,
1352 1442 1624 1519 adlegatu
1659 1443 1876 1515 proprie
1901 1443 2205 1514 pertinent3

268 1541 602 1599 quamquam
657 1540 764 1579 non
810 1523 1060 1580 inmerito
1105 1525 1420 1598 quibusdam
1464 1525 1693 1599 placeat,
1743 1542 1949 1599 poenae
1992 1528 2207 1580 nomine

268 1607 532 1666 heredem
566 1609 779 1663 institui
809 1625 921 1662 non
952 1625 1143 1682 posse:
1189 1610 1322 1665 nihil
1355 1611 1494 1665 enim
1526 1611 1796 1682 intererit,
1844 1619 2024 1665 utrum
2055 1610 2205 1682 lega·

266 1705 391 1750 tum
425 1692 551 1747 dare
585 1692 837 1748 iubeatur
866 1693 1044 1765 hereS,
1088 1696 1132 1749 si
1163 1695 1357 1750 fecerit
1386 1694 1585 1768 aliquid
1615 1704 1708 1750 aut
1738 1711 1847 1750 non
1879 1694 2093 1765 fecerit,
2138 1713 2203 1751 an

266 1777 502 1835 coheres
535 1779 583 1832 ei
614 1777 903 1846 atliciatur3
940 1779 1062 1850 quia
1086 1787 1193 1834 tam
1217 1779 1503 1835 coheredis
1523 1779 1825 1836 adiectione
1851 1797 2010 1853 quam
2034 1780 2202 1853 legati

263 1863 491 1918 datione
523 1862 871 1934 conpellitur,
918 1871 977 1917 ut
1008 1863 1210 1936 aliquid
1241 1872 1430 1920 contra
1461 1866 1804 1938 propositum
1839 1881 1996 1919 suum
2030 1864 2201 1919 faciat.

410 2009 448 2072 ¹)
488 2012 605 2060 Hoc
622 2026 724 2074 per
746 2026 974 2061 errorem
993 2014 1266 2061 exciderat
1291 2028 1361 2060 ea:
1386 2015 1466 2061 ed.
1492 2028 1552 2060 m.
1576 2014 1774 2073 priore.
1847 2008 1890 2074 ²)
1929 2011 2131 2074 Scripsi
2155 2013 2203 2058 in

263 2079 512 2129 ‘Studien
546 2081 599 2131 d.
636 2079 699 2127 R.
736 2078 821 2131 Β)
852 2096 909 2142 p.
937 2089 1028 2128 263.
1068 2084 1085 2109 ⁶
1100 2094 1230 2143 quae
1254 2081 1366 2127 iare
1393 2086 1569 2129 nostro
1595 2094 1693 2127 non
1714 2084 1886 2141 potest
1915 2082 1921 2133 Ι
1951 2092 2062 2127 εεεε
2080 2082 2095 2107 ’
2122 2080 2202 2127 ed.

266 2149 366 2211 139.
403 2144 493 2211 [ex
517 2145 569 2209 S.
596 2156 662 2196 28.
688 2146 736 2218 J.
763 2148 827 2195 de
855 2150 1005 2213 legat.
1030 2157 1070 2204 2,
1096 2146 1193 2210 2o]:
1238 2149 1326 2211 qai
1352 2161 1520 2209 paene
1552 2147 1679 2195 iaris
1714 2161 1867 2195 error
1902 2144 2042 2210 (quis
2076 2148 2204 2195 enim

262 2220 493 2280 iynorat,
522 2230 593 2263 ex
616 2230 697 2274 ea,
724 2230 853 2278 quae
872 2231 1009 2265 uoeor
1032 2217 1143 2264 iure
1168 2230 1267 2264 non
1285 2221 1457 2278 potest
1475 2229 1604 2273 esse,
1630 2216 1740 2263 nati
1761 2230 1854 2263 nec
1877 2221 2075 2278 patrem
2103 2216 2206 2264 dici

260 2284 459 2346 posse?
471 2282 487 2341 )
529 2282 655 2331 Gaio
688 2283 896 2349 impinyi
929 2299 1026 2333 non
1061 2282 1291 2333 debebat.
1333 2282 1411 2344 Cf.
1437 2295 1479 2346 1,
1506 2292 1572 2332 64.
1609 2281 1717 2331 Sed
1748 2290 1799 2331 et
1829 2286 1985 2346 plane
2011 2284 2204 2332 alienus

207 2377 212 2380 -
261 2352 386 2400 lzinc
409 2357 489 2398 est
512 2351 754 2399 eiusmodi
773 2361 1046 2413 postumus,
1072 2353 1213 2400 cuius
1236 2352 1288 2399 in
1315 2348 1366 2413 S.
1392 2360 1456 2399 28.
1483 2349 1532 2398 Ι.
1559 2351 1621 2399 de
1647 2354 1798 2413 legat.
1825 2349 1887 2414 (2,
1913 2349 1983 2410 20)
2021 2351 2201 2398 mentio

258 2422 356 2480 fit:
383 2433 522 2481 quem
547 2433 645 2467 non
665 2424 719 2465 ut
738 2422 979 2469 incertam
1003 2434 1295 2481 personam,
1319 2419 1416 2466 sed
1438 2420 1556 2480 quia
1580 2418 1787 2464 lzoneste
1810 2424 2068 2478 postumus
2091 2432 2206 2478 spe-

264 2487 387 2535 rari
418 2487 604 2550 nequit,
642 2487 907 2535 instituere
944 2502 1043 2536 non
1073 2499 1350 2547 possumus.
1387 2509 1453 2517 —
1489 2483 1717 2531 Ceteram
1751 2484 2078 2530 certissimum
2112 2490 2204 2541 est,

263 2568 404 2619 quae
430 2549 562 2601 ‘iure
588 2560 763 2601 nostro
787 2570 923 2603 uoeor
947 2567 1059 2602 esse
1083 2567 1183 2600 non
1207 2554 1383 2614 posse’
1418 2551 1605 2597 dicitur
1630 2548 1686 2611 S.
1712 2559 1778 2597 28.
1814 2549 1863 2598 I.
1888 2552 1988 2610 cit„
2012 2552 2206 2613 signifi—

264 2621 387 2670 cari
410 2636 472 2669 ea
497 2636 595 2669 non
621 2635 750 2684 quae
768 2623 878 2670 iure
898 2627 1075 2670 nostro
1102 2617 1261 2682 (quod
1285 2618 1546 2679 distinquit
1570 2617 1706 2665 inter
1728 2618 1907 2666 iustam
1932 2619 1963 2670 i.
1991 2633 2032 2669 e.
2061 2619 2206 2667 iustis

266 2689 464 2750 nuptiis
495 2691 781 2752 copulatam
814 2704 1025 2738 umorem
1060 2694 1110 2735 et
1151 2700 1364 2735 umorem
1396 2680 1710 2749 simpliciter)
1755 2689 1888 2734 iusta
1922 2702 2077 2749 uxor,
2111 2688 2208 2735 sed

263 2771 405 2821 quae
431 2758 539 2804 iure
566 2771 702 2804 uxor
724 2758 922 2806 omnino
948 2771 1060 2805 esse
1086 2770 1185 2803 non
1207 2754 1401 2817 possit:
1431 2768 1590 2817 neque
1615 2755 1764 2801 alium
1787 2757 1945 2803 locum
1970 2757 2097 2810 novi,
2123 2754 2207 2802 ubi

267 2826 386 2873 iure
410 2830 586 2873 nostro
610 2838 747 2872 uxor
780 2839 889 2873 esse
911 2840 1065 2888 posse
1091 2829 1278 2886 περαίη
1309 2828 1506 2885 spectet
1529 2827 1721 2870 tantam
1745 2823 1816 2869 ad
1848 2823 1992 2870 iustis
2016 2823 2205 2882 nuptiis

265 2893 602 2941 coniunctam.
648 2890 758 2939 Nec
789 2893 919 2941 lianc
954 2908 1077 2954 rem,
1112 2892 1165 2939 in
1201 2905 1300 2954 qua
1334 2896 1442 2938 tota
1479 2890 1706 2953 quaestio
1741 2891 1971 2945 vertitur,
2006 2890 2202 2939 omnino

265 2960 436 3022 tanyit
468 2957 568 3022 By.
604 2960 687 3007 ed.
721 2968 762 3010 5.
800 2962 871 3008 ad
900 2960 947 3009 Ιι.
981 2963 1011 3008 l.
1060 2957 1206 3019 Quod
1236 2972 1356 3006 vero
1387 2964 1666 3021 praeterea
1699 2957 1762 3005 de
1787 2956 2202 3017 exacerbatione,

264 3042 418 3092 quam
444 3041 625 3075 errore
645 3026 779 3087 facti
800 3028 917 3076 milzi
937 3029 1182 3091 impingit,
1218 3027 1282 3073 de
1303 3025 1492 3086 ferula,
1530 3026 1593 3074 de
1617 3027 1953 3085 vapulatione,
1981 3027 2044 3075 de
2070 3029 2202 3076 viro-

266 3110 381 3142 rum
405 3096 663 3143 doctorum
682 3094 1088 3156 auctoritatibus‘,
1115 3096 1179 3142 de
1205 3094 1270 3143 L.
1293 3103 1358 3144 24.
1388 3092 1450 3141 D.
1479 3094 1541 3142 de
1566 3093 1712 3157 leyib.
1740 3094 1977 3158 quuitur,
2007 3110 2070 3144 ea
2095 3111 2203 3143 cum

264 3162 345 3211 ad
366 3178 469 3210 rem
495 3176 595 3210 non
618 3165 928 3224 pertineant,
955 3164 1105 3211 missa
1128 3162 1285 3222 facio.

408 3294 459 3362 ξ.
487 3299 604 3347 239.
646 3297 724 3358 Cf.
750 3295 802 3359 §-
828 3307 895 3346 25.
933 3297 980 3345 I.
1008 3299 1091 3345 cit.
1116 3312 1279 3358 supra
1298 3307 1337 3352 ι,
1357 3305 1529 3361 45seq.
1572 3296 1688 3359 Utp.
1714 3308 1750 3352 1,
1772 3306 1840 3345 25.
1870 3296 1930 3343 L.
1954 3304 2021 3341 24.
2051 3294 2113 3340 D.
2141 3294 2204 3341 de

265 3366 450 3414 nemiss.
478 3371 591 3413 test.
622 3362 709 3430 (40,
735 3367 800 3427 4).
879 3361 930 3431 ξ.
959 3367 1082 3414 240.
1117 3364 1195 3421 Cf.
1223 3364 1285 3412 L.
1313 3374 1363 3413 20
1384 3379 1469 3426 pr.
1499 3365 1562 3411 D.
1590 3366 1653 3412 de
1680 3371 1876 3414 testam.
1902 3367 1993 3409 tut.
2021 3359 2110 3419 (26,
2136 3356 2202 3420 2).

268 3431 328 3494 S.
354 3442 404 3481 27
423 3434 515 3494 fin.
552 3432 603 3481 I.
631 3435 694 3481 de
719 3436 868 3495 ἱεραί.
909 3438 969 3491 (2,
1002 3432 1095 3491 20).
1139 3430 1255 3493 Ulp.
1283 3442 1345 3491 11,
1373 3441 1438 3478 14.
1507 3427 1554 3493 ξ.
1587 3432 1703 3477 241.
1726 3446 1795 3469 =
1821 3427 1874 3488 3.
1899 3436 1965 3474 26.
2007 3425 2052 3471 Ι.
2084 3424 2204 3472 ibid.

269 3501 354 3563 (ff.
381 3500 522 3562 infra
547 3498 597 3563 3.
622 3510 714 3550 287.
786 3497 836 3567 ξ.
862 3502 978 3548 242.
1019 3499 1099 3561 Cf.
1127 3511 1164 3559 1,
1194 3507 1284 3546 147.
1312 3508 1353 3559 2,
1381 3507 1473 3548 287.
1502 3496 1554 3557 S.
1581 3505 1647 3543 28.
1684 3494 1733 3541 I.
1756 3494 1818 3541 de
1843 3496 1995 3554 [ερατ.
2027 3490 2088 3551 (2,
2115 3488 2203 3555 20).

264 3566 319 3634 ἕ.
347 3569 465 3617 243.
510 3567 589 3631 Cf.
617 3566 667 3631 3.
693 3577 759 3617 36.
798 3568 843 3619 l.
873 3571 947 3619 tit.
974 3569 1057 3618 cit.
