2546 3928
7 91 307 209 ...-

154 335 309 388 iusta
371 348 530 387 causa
598 332 1034 387 manumissionis
1096 331 1392 405 adprobata
1452 326 1912 388 ’manumiserit.¹
2002 328 2102 390 39.

154 417 345 472 lustae
387 424 567 471 autem
598 432 809 472 causae·
830 417 1265 472 manumissionis
1296 423 1428 471 sunt
1469 415 1637 471 ueluti
1665 418 1712 471 si
1746 416 1864 490 quis
1895 426 2102 490 patrem

157 510 260 557 aut
290 509 516 556 matrem
547 509 639 556 aut
670 499 1043 574 paedagogum
1068 510 1160 559 aut
1182 501 1593 558 conlactaneum
1616 501 1976 559 manumittat.
2007 501 2103 557 sed

158 594 221 642 et
260 584 384 641 illae
427 601 634 655 causae,
683 600 814 657 quas
856 586 1108 659 superius
1148 586 1205 640 in
1242 601 1408 641 seruo
1434 587 1646 641 minore
1675 602 1803 642 xxx
1837 600 2102 641 annorum

158 670 534 744 exposuimuS,
569 669 633 724 ad
663 669 811 724 hune
841 686 1062 743 quoque
1093 686 1300 740 casum,
1335 669 1403 724 de
1434 685 1543 743 quo
1574 670 1871 742 loquimur,
1902 668 2103 726 adferri

153 763 418 829 possunt.
480 755 609 809 item
639 769 705 809 ex
735 751 954 809 diuerso
985 753 1087 809 hae
1119 770 1331 825 causae,
1363 771 1497 827 quas
1527 754 1583 809 in
1625 754 1834 808 minore
1855 771 1981 811 xxx
2009 770 2102 809 an·

155 855 364 895 norum
407 838 628 893 domino
667 838 1002 908 rettulimuS‚
1044 839 1252 912 porrigi
1295 845 1532 912 possunt
1571 846 1627 893 et
1658 838 1723 892 ad
1753 853 1975 893 seruum
2006 839 2102 893 mi-

155 939 353 979 norem
395 940 522 979 xxx
562 938 847 978 annorum.
935 919 1041 979 40.
1097 922 1227 978 Cum
1275 940 1408 996 ergo
1451 933 1633 979 certus
1677 922 1870 978 modus
1917 938 2102 978 manu·

149 1006 408 1064 mittendi
462 1005 758 1062 minoribus
799 1025 883 1063 xx
922 1023 1183 1063 annorum
1239 1007 1468 1063 dominis
1523 1023 1623 1081 per
1675 1006 1854 1080 legem
1898 1006 2102 1062 Aeliam

7 1101 128 1157 ζ111]
155 1092 403 1148 Sentiam
445 1092 776 1147 constitutus
807 1093 900 1162 sit,
947 1093 1148 1160 euenit,
1192 1101 1251 1146 ut
1283 1092 1373 1166 qui
1405 1108 1548 1148 xnu
1578 1108 1750 1147 annos
1788 1093 1978 1146 aetatis
2011 1108 2100 1147 ex-

152 1177 420 1251 pleuerit,
460 1175 588 1231 licet
629 1183 1012 1232 testamentum
1053 1170 1270 1232 facere²
1312 1185 1367 1233 et
1401 1177 1454 1231 in
1487 1193 1553 1232 eo
1584 1176 1837 1232 heredem
1875 1175 1980 1231 sihi
2020 1178 2101 1232 in-

152 1263 394 1317 stituere
424 1260 711 1334 legataque
752 1260 1062 1334 relinquere
1090 1261 1288 1334 possit,
1338 1270 1513 1317 tamen
1544 1262 1589 1316 si
1620 1259 1796 1315 adhuc
1826 1261 2002 1316 minor
2030 1261 2101 1315 sit

154 1361 430 1401 annorum
461 1363 564 1415 xx,
596 1343 898 1400 libertatem
930 1361 1090 1400 seruo
1121 1344 1250 1401 dare
1280 1362 1393 1401 non
1421 1349 1619 1418 possit.
1689 1341 1780 1400 41.
1826 1343 1892 1400 Et
1918 1361 2100 1417 quam-

150 1431 248 1485 uis
278 1428 529 1484 Latinum
570 1427 747 1484 facere
789 1428 921 1484 uelit
962 1432 1138 1484 minor
1167 1447 1251 1486 xx
1280 1446 1542 1485 annorum
1586 1429 1860 1500 dominuS‚
1904 1430 2100 1484 'tamen

147 1514 333 1569 nihilo
378 1506 595 1567 minus³
647 1511 807 1567 debet
859 1515 1006 1584 apud
1045 1512 1333 1567 eonsilium
1375 1529 1589 1568 eausam
1635 1510 1889 1584 probare,
1935 1520 1990 1568 et
2030 1513 2101 1566 ita

145 1606 359 1674 postea
388 1597 533 1650 inter
561 1594 763 1650 amieos
791 1597 1189 1651 manumittere.

288 1694 391 1755 42.
440 1695 723 1752 Praeterea
756 1695 879 1770 lege
904 1689 1077 1752 Fufia4
1107 1696 1319 1751 Caninia
1342 1704 1524 1752 certus
1548 1696 1741 1752 modus
1768 1698 2099 1754 constitutus

152 1791 245 1840 est
289 1784 342 1837 in
384 1783 562 1837 seruis
607 1788 930 1836 testamento
971 1781 1433 1838 manumittendis.
1538 1778 1636 1838 43.
1701 1780 1833 1836 Nam
1883 1783 1952 1853 ei,
2007 1785 2098 1856 qui

150 1866 348 1942 plures
390 1882 551 1940 quam
594 1865 733 1921 duos
772 1882 950 1938 neque
989 1866 1177 1939 plures
1219 1882 1377 1939 quam
1420 1865 1603 1922 decem
1636 1883 1829 1922 seruos
1860 1865 2097 1938 habebit,

157 1969 338 2026 usque
380 1951 442 2007 ad
487 1958 695 2025 partem
725 1950 993 2007 dimidiam
1025 1953 1139 2006 eius
1179 1951 1390 2006 numeri
1423 1952 1805 2008 manumittere
1834 1951 2099 2024 permitti-

155 2046 285 2104 tur3
338 2038 384 2092 ei
431 2053 583 2107 uere,
629 2036 723 2108 qui
759 2035 946 2109 plures
986 2030 995 2111 Ι
1035 2052 1197 2108 quam
1238 2053 1281 2091 x
1320 2052 1500 2108 neque
1540 2036 1728 2108 plures
1770 2051 1931 2108 quam
1972 2051 2197 2100 11:111.

153 2137 352 2178 seruos
392 2119 629 2192 habehit,
670 2136 843 2193 usque
885 2120 949 2174 ad
996 2121 1209 2175 tertiam
1248 2128 1458 2192 partem
1502 2120 1619 2174 eius
1662 2120 1872 2174 numeri
1916 2124 2215 2175 manu-m.

153 2207 375 2262 mittere
405 2205 761 2278 permittitur.
821 2213 875 2259 at
907 2206 977 2273 ei,
1023 2205 1116 2277 qui
1142 2203 1333 2277 plures
1365 2220 1522 2276 quam
1551 2221 1677 2261 xxx
1705 2220 1883 2277 neque
1912 2203 2098 2277 plures

157 2306 324 2363 quam
347 2297 562 2345 centum
587 2288 824 2362 habebit,
856 2305 1029 2362 usque
1059 2288 1124 2343 ad
1152 2296 1363 2362 partem
1391 2298 1633 2368 quartam
1663 2289 2103 2346 'manumittendi

153 2376 332 2431 libera
354 2365 650 2446 potestas⁵
680 2371 855 2429 datur.
911 2374 1206 2429 nouissime
1237 2375 1307 2445 ei,
1342 2375 1434 2447 qui
1462 2374 1646 2447 plures
1679 2390 1840 2448 quam
1871 2389 1906 2431 ο
1938 2373 2098 2430 habe·

783 207 903 241 (un
938 207 1139 243 msrrr.
1181 192 1226 246 1.
1264 194 1498 244 39—43.
2022 193 2104 250 33

305 2570 343 2635 ¹)
382 2574 523 2621 suerit
547 2572 602 2623 C.
631 2573 747 2623 edd.
779 2572 856 2634 Cf.
884 2571 1018 2620 Inst.
1114 2568 1162 2635 ²)
1199 2573 1365 2635 possit,
1401 2573 1538 2635 quod
1568 2571 1648 2619 hic
1672 2585 1742 2619 ex
1769 2570 1823 2620 C.
1845 2570 2097 2634 praebent

157 2641 283 2689 edd.
319 2642 555 2705 multique
591 2639 775 2689 habent
808 2639 940 2687 [πεί.
979 2639 1199 2693 codices,
1245 2653 1316 2687 εει·
1348 2637 1600 2700 inferiore
1641 2654 1791 2687 versu
1822 2640 2095 2702 irrepsisse

156 2707 379 2757 videtur.
452 2706 496 2772 ³)
533 2707 672 2759 Edd.
699 2723 800 2757 non
823 2707 978 2756 invito
1007 2705 1059 2754 C.
1096 2705 1247 2755 nihilo
1275 2708 1429 2755 minus
1455 2713 1606 2755 tamen
1644 2707 1723 2756 ed.
1748 2704 1849 2772 By.
1873 2716 1915 2758 ὁ.
1940 2710 2095 2759 invito

159 2774 296 2825 Gaio
331 2771 428 2838 (cf.
465 2787 504 2833 1,
542 2785 634 2824 118.
668 2785 709 2833 2,
743 2768 859 2838 170).
965 2770 1012 2836 ⁴)
1060 2775 1190 2823 Fufia
1218 2789 1321 2837 pro
1355 2775 1496 2823 Furia
1529 2774 1710 2840 ubique
1743 2791 1872 2825 nunc
1896 2792 1965 2825 eae
1998 2775 2048 2823 V
2057 2775 2097 2808 ⁸²

152 2843 361 2905 scripsi.
471 2840 516 2906 ⁵)
555 2844 786 2893 Restitui.
833 2841 901 2891 ln
928 2841 985 2891 0.
1015 2842 1208 2903 fuerit:
1243 2844 1412 2905 quarta
1445 2843 1711 2892 ‘ffimittendi
1739 2843 1885 2892 libera
1911 2847 2092 2907 p'estas

156 2908 292 2972 (non
327 2911 535 2966 lieentia,
571 2925 670 2974 quo
703 2910 857 2960 verbo
898 2909 1053 2960 Gaius
1097 2926 1197 2960 non
1227 2914 1386 2958 utitur
1419 2912 1519 2959 nisi
1547 2911 1601 2958 in
1631 2913 1810 2959 malam
1839 2908 2088 2973 partem).

154 2977 297 3027 Sane
314 2979 516 3028 incerta
541 2985 619 3027 est
640 2982 916 3042 scriptura,
943 2985 1083 3028 certe
1101 2992 1221 3027 vero
1241 2979 1369 3026 iuris
1393 2992 1546 3025 error
1568 2978 1815 3033 vitandus,
1854 2978 1941 3041 qui
1960 2978 2093 3027 inest

155 3047 362 3096 lectioni
379 3044 479 3109 B9.
501 3047 580 3095 ed.
607 3055 656 3095 5:
685 3047 869 3096 directo
894 3049 1003 3095 iure
1028 3044 1240 3095 liberare
1264 3047 1486 3094 licentia.
1532 3044 1674 3094 Nihil
1695 3046 1822 3094 enim
1844 3046 2091 3096 interesse

294 3212 347 3277 8.
373 3218 457 3266 39.
496 3215 574 3277 Cf.
608 3227 651 3276 1,
678 3225 744 3265 19.
785 3213 838 3278 S.
863 3226 903 3264 5.
941 3214 988 3264 I.
1019 3214 1151 3279 quib.
1180 3229 1251 3264 ex
1275 3230 1320 3264 c.
1352 3230 1561 3263 manum.
1603 3213 1663 3276 (1,
1688 3212 1752 3277 6).
1800 3215 1865 3264 L.
1889 3224 1929 3264 9.
1964 3227 2091 3264 11-

76 3327 87 3342 ,
153 3294 220 3335 16.
254 3294 318 3333 19.
357 3292 421 3333 2ο.
460 3293 527 3333 25.
554 3283 640 3333 ,D.
678 3284 742 3332 de
775 3298 982 3332 manum.
1016 3283 1150 3331 vind.
1186 3279 1275 3345 (40,
1302 3281 1367 3345 2).
1404 3281 1470 3330 L.
1495 3292 1560 3330 21.
1600 3282 1666 3331 D.
1695 3283 1780 3346 qui
1811 3289 1862 3331 et
1894 3298 1927 3330 a
1952 3282 2087 3346 quib.

150 3367 361 3403 manum.
398 3350 484 3412 (40,
519 3349 582 3413 9).
654 3347 706 3417 ξ.
741 3352 824 3400 40.
871 3349 949 3412 Cf.
977 3348 1031 3413 8.
1056 3359 1097 3399 ¹1.
1122 3348 1171 3398 l.
1201 3349 1333 3415 quib.
1360 3364 1431 3398 ex
1455 3366 1498 3397 c.
1524 3365 1732 3398 manum.
1761 3348 1822 3411 (1,
1848 3347 1919 3412 6);
1943 3349 2089 3408 infra

150 3413 196 3483 ¹2,
223 3429 311 3469 113.
407 3415 458 3485 ξ.
483 3420 568 3467 41.
610 3417 689 3478 Cf.
715 3418 804 3467 Fr.
830 3418 1028 3468 Dosith.
1055 3425 1119 3467 13.
1220 3413 1272 3483 ξ.
1300 3418 1382 3466 42.
1421 3418 1475 3468 L.
1503 3417 1633 3465 Fufia
1662 3417 1738 3474 C.]
1773 3431 1821 3464 α.
1856 3425 1897 3464 8.
1936 3414 2015 3474 Cf.
2042 3423 2085 3470 2,

151 3497 249 3538 228.
288 3486 435 3536 Paul.
471 3497 512 3544 4,
550 3497 612 3535 14.
667 3485 765 3535 Tit.
792 3486 843 3537 I.
869 3487 932 3535 de
957 3488 987 3534 I.
1016 3484 1132 3547 Fufi
1160 3483 1285 3537 Can.
1313 3480 1378 3548 (1,
1402 3485 1470 3544 ⁷).
1496 3482 1552 3533 0.
1577 3493 1616 3537 ⁹2,
1643 3493 1685 3530 3.
1788 3479 1840 3544 ξ.
1870 3482 1955 3527 43.
2005 3477 2089 3538 Cf.

155 3555 275 3619 Uip.
315 3567 355 3616 1,
381 3564 446 3608 24.
485 3554 632 3603 Paul.
665 3564 708 3618 4,
744 3565 809 3604 14.
847 3553 902 3617 S.
927 3563 969 3603 4.
1006 3552 1072 3606 L.
1096 3563 1162 3602 22.
1192 3551 1248 3614 S.
1272 3562 1313 3603 1.
1351 3551 1417 3598 D.
1442 3551 1505 3599 de
1532 3550 1703 3608 fideic.
1731 3547 1815 3595 zib.
1843 3545 1930 3604 (ιο,
1957 3541 2020 3604 5).

254 3645 416 3687 Gms.
1652 3631 1684 3677 3
