2546 3928
816 227 932 261 <un
970 227 1167 261 msrrr.
1205 212 1304 261 111.
1341 216 1575 264 47—49.
2048 215 2173 272 137

230 360 531 408 tronorum
582 349 813 407 liberos.-
866 352 971 407 sed
1015 352 1157 423 filia,
1212 360 1273 408 ut
1315 359 1519 409 contra
1562 355 1792 410 tabulas
1844 348 2308 431 testalmenti13e

230 435 421 492 liberti
459 427 647 509 ’(αιιτ)1
697 435 761 491 ab
791 439 1058 492 intestato
1091 442 1289 492 eontra
1323 437 1367 509 f
1369 437 1523 494 ilium
1554 437 1870 510 adoptiuum
1904 442 1996 495 uel
2027 452 2174 497 uxo·
2206 448 2239 494 t.
2267 453 2306 492 s,

229 536 359 575 rem
402 535 678 577 nurumue
718 521 980 576 dimidiae
1023 521 1199 591 partis
1241 519 1511 577 bonorum
1555 523 1959 595 possessionem
2003 532 2168 596 petat,

225 605 400 660 trium
445 603 739 659 liberorum
780 605 899 661 iure
943 604 1067 678 lege
1108 604 1265 677 Papia
1311 607 1691 678 consequitur;
1743 606 1906 677 aliter·
1941 607 2047 662 hoe
2087 609 2171 663 ius

224 704 347 743 non
379 686 554 744 habet.
626 683 737 744 47.
786 687 893 746 Sed
937 695 995 743 ut
1036 704 1100 743 ex
1133 687 1289 744 bonis
1321 687 1545 745 libertae
1586 683 1872 748 ’testatae²
1913 697 2176 763 quattuor

227 772 437 828 liberos
480 771 723 828 habentis
757 772 928 828 uirilis
958 789 1082 846 pars
1115 774 1164 828 ei
1193 772 1469 844 debeatur,
1515 790 1583 830 ne
1623 773 1919 830 liberorum
1956 774 2173 848 quidem

223 859 354 912 iure
377 859 752 930 consequitur,
785 866 844 913 ut
870 857 1083 930 quidam
1107 865 1334 930 putant3
1366 858 1461 914 sed
1494 868 1672 915 tamen
1699 861 1954 915 intestata
1979 857 2169 914 liberta

231 949 464 1006 mortua,
498 940 682 997 'uerba
708 941 850 1015 legis
875 942 1064 1015 Papiae
1087 935 1345 1013 faciunt,³
1375 950 1437 997 ut
1469 944 1516 998 ei
1540 943 1709 998 uirilis
1732 960 1855 1017 pars
1881 942 2166 1012 debeatur3

223 1026 281 1080 si
334 1040 463 1080 uero
517 1033 843 1082 testamento
886 1026 1030 1082 sacto
1072 1034 1285 1082 mortua
1332 1028 1401 1083 sit
1443 1026 1665 1099 liberta,
1721 1028 1826 1083 tale
1867 1030 1951 1083 ius
1995 1028 2043 1083 ei
2078 1026 2171 1083 da-

223 1118 356 1179 tur,
412 1109 570 1183 quale
615 1109 800 1166 datum
842 1118 927 1167 est
967 1118 1157 1168 contra
1200 1110 1409 1167 tabulas
1461 1114 1766 1169 testamenti
1818 1105 2064 1183 liberti,‘¹
2114 1111 2168 1168 id

230 1201 339 1264 est,
382 1194 538 1266 quale
581 1203 636 1250 et
679 1194 852 1250 uirilis
894 1211 1054 1252 sexus
1096 1203 1452 1267 patronorum
1494 1196 1677 1252 liberis
1721 1204 1912 1254 eontra
1958 1197 2165 1252 tabulas

227 1280 544 1334 testamenti
584 1277 763 1334 liberti
809 1278 1042 1334 habent:
1088 1281 1334 1351 quamuis
1376 1296 1563 1352 parum
1605 1279 1899 1353 diligenter
1939 1296 2001 1335 ea
2041 1296 2165 1352 pars

225 1362 370 1435 legis
412 1364 614 1435 scripta
658 1364 748 1417 sit.
835 1358 935 1419 48.
984 1361 1058 1417 Ex
1087 1363 1173 1417 his
1204 1370 1452 1436 apparet,
1483 1371 1783 1419 extraneos
1815 1362 2044 1418 heredes
2075 1380 2168 1436 pa·

66 1455 204 1512 [220]
226 1456 523 1502 tronorum
563 1445 729 1516 longe
769 1444 1031 1502 'remotos
1072 1461 1196 1501 esse
1238 1445 1311 1502 ab
1344 1449 1498 1502 omni
1525 1462 1589 1503 eo
1621 1448 1736 1501 iure
1767 1440 2167 1518 hereditari0,⁰

223 1532 384 1605 quod
413 1532 505 1585 uel
548 1531 603 1583 in
635 1532 1020 1585 intestatorum
1052 1528 1212 1586 bonis
1244 1532 1340 1586 uel
1385 1536 1577 1586 contra
1616 1529 1823 1586 tabulas
1859 1532 2166 1587 testamenti

221 1622 465 1689 patrono
497 1614 777 1685 competit.
984 1667 988 1673 ,

359 1691 459 1752 49.
506 1695 769 1752 Patronae
794 1696 924 1753 olim
953 1705 1078 1754 ante
1107 1696 1285 1771 legem
1316 1698 1529 1772 Papiam
1555 1699 1661 1756 hoc
1683 1697 1860 1755 solum
1889 1699 1972 1754 ius
2005 1698 2166 1755 habe-

220 1783 357 1838 bant
387 1783 443 1836 in
480 1779 637 1837 bonis
666 1781 1006 1853 libertorum,
1051 1781 1196 1855 quod
1241 1784 1398 1838 etiam
1430 1785 1675 1856 patronis
1715 1798 1780 1840 ex
1811 1783 1934 1858 lege
1964 1800 2058 1840 ΧΗ
2090 1791 2166 1840 ta·

223 1866 472 1923 bularum
515 1864 698 1921 datum
738 1874 842 1922 est.
905 1883 1008 1923 nee
1048 1868 1192 1923 enim
1234 1877 1295 1923 ut
1338 1877 1528 1924 eontra
1568 1867 1778 1924 tabulas
1824 1871 2163 1941 testamenti,

222 1955 285 2010 in
313 1970 425 2024 quo
456 1954 811 2026 praeteritae
851 1957 1021 2023 erant,
1065 1951 1153 2008 uel
1195 1951 1258 2008 ab
1300 1954 1558 2010 intestato
1601 1961 1790 2009 eontra
1833 1952 2005 2009 filium
2037 1953 2164 2008 ado·

223 2035 581 2114 ptiuumruel
634 2052 858 2091 uxorem
909 2052 1178 2091 nurumue
1228 2036 1497 2094 bonorum
1541 2038 1944 2109 possessionem
1994 2041 2166 2109 partis

223 2121 491 2177 dimidiae
519 2127 795 2193 peterent,
835 2129 1057 2193 praetor
1087 2119 1338 2176 similiter
1378 2119 1482 2176 'eis
1513 2123 1521 2186 Ι
1556 2137 1630 2176 ac
1664 2127 1918 2190 patrono
1949 2118 2162 2176 liberis-

365 2282 409 2348 ¹)
440 2285 528 2334 Ex
551 2300 661 2333 mea
684 2286 756 2347 ej.
782 2281 955 2347 ‘(uel)’
983 2286 1063 2334 ed.
1088 2283 1187 2349 By.
1260 2283 1303 2347 ²)
1339 2285 1387 2333 V
1399 2285 1437 2317 δ’
1460 2284 1724 2347 referente
1749 2284 1804 2333 K
1804 2290 1992 2350 riiqero
2020 2283 2162 2347 (lt-rit.

236 2353 497 2403 Versaeke
529 2369 581 2416 p.
616 2350 729 2417 127).
778 2351 914 2401 Edd.
950 2363 989 2403 1.
1025 2363 1065 2401 2.
1100 2354 1452 2415 suppleverunt
1491 2356 1678 2403 ‘suae’.
1725 2351 1942 2418 Reliqua
1968 2355 2164 2415 prioris

225 2422 373 2470 huius
409 2415 467 2485 §i
496 2422 664 2483 partis
696 2420 969 2481 restitutio,
1006 2435 1151 2484 quam
1188 2422 1303 2468 edd.
1332 2430 1372 2471 1.
1398 2431 1439 2469 2.
1468 2420 1880 2483 informaverant,
1928 2421 1981 2469 V
1986 2421 2024 2451 ³²
2047 2435 2166 2469 con·

218 2491 429 2551 firmata
462 2493 555 2539 est.
662 2485 704 2550 ³)
741 2488 829 2535 An
856 2488 966 2550 fillo
996 2488 1211 2549 patroni
1233 2501 1343 2535 eam
1367 2490 1420 2535 in
1452 2488 1582 2535 hunc
1606 2501 1775 2533 casum
1799 2487 2162 2534 assimilando?

214 2556 308 2618 Cf:
336 2556 398 2604 L.
418 2566 459 2603 4.
490 2553 622 2617 8.21.
667 2554 720 2603 0.
743 2556 806 2603 de
832 2554 946 2603 bon.
972 2552 1056 2604 lib.
1086 2551 1147 2615 (6,
1162 2550 1227 2617 4).
1270 2553 1404 2601 Hine
1427 2567 1547 2601 vero
1573 2553 1664 2600 alii
1687 2559 1738 2599 et
1760 2553 1812 2599 in
1836 2551 1912 2600 his
1932 2553 2163 2614 fortasse

215 2626 340 2687 Ipse
367 2622 522 2672 Gaius
546 2623 779 2671 videntur
803 2621 1052 2684 effecisse,
1087 2621 1238 2668 etiam
1259 2620 1313 2668 in
1352 2626 1569 2668 testatae
1602 2619 1815 2666 libertae
1842 2624 2082 2683 quattuor
2105 2620 2163 2667 li-

224 2691 380 2740 beros
402 2690 635 2739 habentis
659 2689 803 2739 bonis
825 2689 1016 2737 virilem
1040 2689 1090 2737 ei
1113 2692 1401 2750 competere
1426 2701 1496 2735 ea:
1518 2687 1774 2735 sententia
1796 2687 1926 2750 lepis
1943 2686 2162 2749 Papiae,

223 2774 361 2823 quae
383 2760 446 2807 de
472 2756 643 2806 debita
660 2762 814 2820 parte
832 2757 1066 2809 senserit.
1135 2752 1179 2817 ⁴)
1203 2754 1359 2803 Gaius
1378 2756 1494 2816 ipsa
1509 2753 1626 2814 fere
1648 2755 1776 2817 legis
1787 2754 1989 2818 Papiae
2008 2755 2162 2804 verba

227 2826 435 2888 referre
457 2826 716 2887 putandus
735 2829 829 2885 est,
857 2824 1181 2886 neyleyenter
1201 2823 1278 2871 ita
1301 2824 1521 2885 locutae,
1540 2829 1597 2870 ut
1618 2828 1809 2870 tantum
1828 2823 1905 2871 ius
1927 2822 2022 2872 hoe
2040 2837 2161 2871 casa

221 2890 434 2957 (contra
468 2891 673 2942 tabulas
701 2898 816 2941 test.
851 2889 1046 2950 liberti)
1082 2891 1252 2940 datum
1284 2890 1615 2952 significaret.
1668 2889 1852 2953 Itaque
1888 2891 2165 2952 interpreti

219 2976 369 3011 omne
393 2961 491 3020 ina,
553 2961 656 3008 uod
674 2960 771 3009 hoe
796 2974 919 3008 casa
944 2959 1276 3021 competebat,
1301 2959 1686 3021 intellegendam
1707 2964 1842 3020 erat,
1867 2958 1972 3008 sive
1994 2958 2160 3008 edicto

220 3029 490 3092 praetoris
538 3029 676 3091 quod
696 3029 794 3076 iam
818 3026 1194 3089 siqnifieaverat
1219 3023 1271 3089 8.
1293 3024 1365 3088 46)
1391 3032 1496 3074 sive
1521 3027 1636 3088 ipsa
1661 3027 1770 3089 leae
1796 3026 1967 3091 Papia
1993 3027 2162 3076 datam

227 3090 349 3161 (SS.
373 3106 440 3145 42.
465 3095 562 3160 45):
598 3096 736 3159 quod
765 3108 892 3143 sane
924 3109 1104 3157 parum
1137 3093 1479 3147 conveniebat.
1521 3093 1602 3157 Cf.
1636 3091 1689 3157 8.
1724 3104 1790 3146 52.
1840 3096 1963 3145 Alia
1997 3097 2162 3145 omnia

218 3166 528 3227 placuerunt
571 3162 816 3226 Kriiyero
850 3162 898 3210 Ιι.
924 3165 956 3214 l.
986 3162 1200 3211 addenti
1231 3164 1520 3224 ‘patrono'.
1627 3163 1672 3224 ⁵)
1718 3163 1769 3211 V
1775 3161 1816 3195 ³2
1853 3165 2027 3215 eodem
2067 3179 2159 3212 au-

228 3238 391 3281 ctore.
430 3231 496 3280 In
522 3231 639 3283 edd.
664 3241 700 3281 1.
722 3239 763 3278 2.
788 3230 893 3278 alia
913 3230 1199 3292 suspicatus
1223 3244 1378 3279 eram.
1472 3227 1515 3295 ⁶)
1553 3229 1776 3280 Restitui
1797 3232 2001 3282 ‘Gaius'
2026 3241 2160 3293 μω.

228 3306 462 3348 remotum
486 3300 550 3348 ab
578 3300 707 3347 omni
729 3312 789 3347 eo
813 3298 917 3346 iure
941 3298 1002 3346 iri
1029 3297 1107 3348 ed.
1137 3296 1237 3361 By.

360 3446 413 3517 §-
441 3452 525 3500 47.
563 3450 645 3513 Cf.
671 3447 725 3512 8.
751 3459 819 3498 44.
860 3450 1057 3499 libertae
1082 3445 1217 3512 suae]
1242 3449 1312 3510 cf.
1338 3449 1401 3502 L.
1429 3459 1495 3499 58.
1526 3448 1581 3511 8.
1606 3460 1645 3496 1.
1685 3448 1751 3496 D.
1777 3448 1840 3495 de
1866 3446 2000 3495 verb.
2029 3447 2158 3506 sign.

224 3514 316 3581 (50,
339 3517 430 3582 16).
458 3520 595 3580 quale
620 3520 714 3568 dat.
741 3533 785 3569 e.
810 3511 951 3581 patu]
981 3516 1049 3579 ef.
1075 3514 1129 3578 8.
1156 3525 1224 3565 50.
1297 3512 1350 3581 ξ.
1379 3517 1461 3566 48,
1501 3515 1579 3573 Cf.
1609 3510 1701 3574 88.
1729 3521 1796 3563 58.
1819 3520 1886 3559 64.
1959 3507 2047 3575 ἓξ.
2075 3511 2159 3559 49.

222 3586 311 3639 60.
353 3583 434 3648 Cf.
467 3585 584 3650 Ulp.
607 3596 673 3648 29,
702 3594 742 3635 5.
767 3596 809 3636 6.
836 3595 902 3645 ετ,
928 3596 968 3637 1.
993 3584 1060 3633 L.
1090 3594 1152 3635 ιτ,
1191 3584 1257 3631 D.
1287 3585 1351 3631 de
1376 3581 1490 3630 bon.
1517 3580 1600 3628 lib.
1629 3578 1714 3641 (38,
1742 3575 1807 3637 2).
