2546 3928
418 219 446 271 1
464 220 496 273 6
1283 232 1460 268 saus

508 352 628 401 Iam
665 352 711 400 si
747 351 853 400 hoc
890 348 1019 398 Gaii
1054 351 1358 415 ingenium,
1398 352 1447 399 si
1485 350 1595 400 tale
1636 351 1806 400 totius
1844 352 1993 400 vitae
2031 351 2342 401 institutum

410 425 550 480 erat,
593 423 656 467 ut
704 420 874 469 etiam
924 418 1251 468 discriminis
1300 419 1453 482 origo
1492 433 1694 478 eorum,
1741 418 1834 481 qui
1878 420 1963 467 ius
2001 418 2220 482 publice
2259 436 2341 470 re·

409 485 743 550 sponderent
789 491 844 535 et
892 487 984 548 qui
1030 490 1239 534 tantum
1291 485 1554 535 docerent
1600 483 1763 545 (Gen.
1799 484 1835 534 l.
1878 501 1923 535 c.
1965 486 2083 535 ‘ius
2122 486 2340 550 publice

410 554 717 603 docentium
757 556 871 602 aut
905 552 1407 615 respondentium',
1448 553 1538 605 Fr.
1568 554 1692 602 Vat.
1737 555 1848 602 150.
1885 554 1950 602 L.
1986 554 2033 602 6.
2071 553 2115 613 ξ.
2160 555 2235 608 12,
2273 554 2337 603 D.

406 620 472 670 de
521 637 704 670 excus.
751 623 834 682 27,
876 623 920 672 1.
966 621 1028 668 L.
1084 623 1127 667 l.
1176 622 1221 680 ξ.
1272 621 1320 670 5.
1367 620 1439 668 D.
1490 619 1554 668 de
1598 619 1871 668 extraord.
1920 635 2080 683 cogn.
2128 623 2212 682 50,
2259 620 2340 684 13)

409 688 478 736 ab
520 703 584 737 eo
621 688 964 752 potissimum
1000 687 1295 751 repetenda
1332 686 1609 749 videatur,
1653 686 1782 750 quid
1817 687 2008 735 mirum
2046 691 2149 750 est,
2201 688 2342 751 quod

409 770 585 818 neque
641 769 907 819 responsa
964 754 1140 803 dando
1202 755 1339 803 iuris
1394 759 1585 804 auctor
1637 754 1860 803 habitus
1916 760 1999 803 est
2053 769 2230 819 neque
2282 755 2338 804 in
2367 755 2450 811 [94]

410 822 773 885 posteriorum
810 822 968 871 libris
1005 820 1305 871 laudatus?
1346 821 1502 883 Quod
1539 823 1587 871 is
1624 821 1862 884 quidem,
1901 821 1950 870 si
1987 822 2215 872 mortuis
2254 838 2342 872 res

408 890 678 939 humanas
727 889 916 938 datum
972 893 1121 938 esset
1171 889 1391 949 sentire,
1452 903 1628 953 aequo
1677 889 1858 937 animo
1907 894 2127 953 poterat
2184 890 2338 939 serre.

406 957 545 1006 Nam
600 961 949 1021 quotcunque
1003 955 1138 1004 iuris
1195 962 1444 1005 auctores
1500 961 1693 1021 postea
1749 956 1916 1004 etiam
1959 956 2342 1015 Institutiones

407 1025 767 1088 scripserunt,
803 1022 958 1073 velut
981 1021 1358 1083 CallistratuS,
1396 1023 1723 1084 Martianus,
1765 1023 2137 1081 Florentinus,
2175 1024 2341 1073 Paul·

405 1090 508 1152 lus,
556 1091 847 1154 Ulpianus,
892 1105 1050 1140 nemo
1087 1105 1272 1139 eorum
1322 1090 1391 1138 ad
1430 1091 1765 1140 Gaianarum
1804 1089 2024 1139 laudem
2069 1091 2342 1155 aspiravit

405 1157 612 1214 locove,
671 1171 828 1219 quem
878 1158 936 1206 in
991 1157 1197 1206 scholis
1244 1158 1613 1216 obtinuerunt,
1668 1158 1965 1208 deturbare
2012 1173 2105 1207 eas
2150 1157 2344 1211 valuit.

405 1224 477 1272 At
501 1224 675 1275 Gaius
711 1230 836 1288 post
865 1224 1076 1288 aliquot
1112 1224 1300 1274 secula
1332 1231 1621 1274 assecutus
1659 1231 1759 1285 est,
1796 1229 1856 1272 ut
1895 1225 2011 1274 eius
2048 1224 2195 1289 libri,
2236 1228 2348 1290 pri-

407 1307 550 1340 mum
596 1290 702 1351 illi,
762 1292 854 1355 qui
900 1292 959 1340 in
1004 1291 1212 1341 scholis
1257 1293 1666 1354 tractabantur,
1725 1292 2002 1341 hominum
2050 1292 2242 1342 favore
2289 1299 2343 1343 et

408 1359 823 1422 consuetudine,
871 1359 1070 1408 deinde
1120 1361 1289 1408 etiam
1337 1360 1509 1410 ceteri
1554 1375 1742 1409 omnes
1790 1358 1914 1423 lege
1951 1358 2071 1409 lata
2108 1360 2343 1410 eandem

406 1428 462 1475 in
499 1427 724 1477 iudiciis
765 1427 1157 1476 auctoritatem
1192 1427 1530 1486 obtinerent,
1581 1441 1720 1490 quae
1757 1426 2083 1491 Papinian0,
2130 1426 2340 1485 Paullo,

404 1494 646 1559 Ulpiano
692 1494 805 1543 iam
853 1499 1021 1543 antea
1070 1495 1452 1559 competierat.
1522 1493 1660 1543 Nam
1707 1493 2135 1543 Valentinianus
2182 1496 2245 1544 L.
2292 1499 2343 1547 3.

405 1562 506 1611 Th.
558 1561 618 1612 C.
668 1563 733 1611 de
784 1577 928 1626 resp.
978 1561 1134 1627 prud.
1174 1562 1243 1626 (1,
1283 1557 1336 1626 4)
1388 1577 1508 1611 cum
1547 1561 1645 1622 ait,
1683 1576 1742 1610 se
1781 1560 2101 1624 Papiniani,
2139 1561 2342 1624 Paulli,

406 1628 553 1690 Gaii,
589 1628 821 1694 Ulpiani
858 1634 1023 1693 atque
1059 1629 1357 1679 Modestini
1402 1630 1608 1692 scripta
1645 1628 1905 1678 universa
1941 1627 2175 1688 firmare,
2226 1630 2344 1679 ‘ita

407 1701 467 1745 ut
504 1698 717 1759 Gaium,
765 1712 907 1759 quae
945 1696 1198 1745 Paullum
1246 1700 1302 1746 et
1338 1695 1636 1758 Ulpianum
1676 1700 1731 1745 et
1770 1700 1998 1746 cunctos
2046 1696 2345 1746 comitetur

407 1764 712 1812 auctoritas
760 1763 1139 1824 lectionesque
1185 1779 1250 1811 ex
1297 1764 1444 1810 omni
1482 1763 1598 1811 eius
1637 1776 1800 1825 opere
1839 1765 2180 1823 recitentur’‚
2229 1778 2344 1813 non

406 1831 637 1879 obscure
686 1829 986 1892 significat,
1045 1829 1313 1892 quaedam
1360 1826 1488 1877 Gaii
1534 1830 1739 1892 scripta
1793 1830 1904 1878 iam
1949 1834 2079 1878 tunc
2134 1844 2344 1881 summo

405 1896 587 1946 studio
635 1903 689 1946 et
738 1896 1053 1946 indubitata
1100 1897 1434 1961 auctoritate
1485 1896 1709 1945 recitari
1754 1897 1923 1946 solita
1971 1912 2111 1959 esse,
2163 1912 2342 1962 eaque

407 1966 528 2029 quis
574 1964 791 2014 dubitat
836 1970 1055 2029 praeter
1101 1979 1189 2014 res
1235 1963 1607 2028 quotidianas,
1664 1980 1805 2028 quae
1853 1969 2013 2014 tanto
2058 1969 2113 2013 in
2161 1968 2343 2030 pretio

403 2032 769 2096 habebantur,
807 2037 871 2081 ut
895 2047 1181 2081 aureorum
1208 2047 1406 2081 nomen
1443 2037 1731 2094 mererent,
1770 2033 1940 2082 fuisse
1967 2033 2154 2082 omnia
2179 2033 2339 2083 scho-

402 2098 638 2150 lastica?
679 2100 819 2164 quod
857 2102 1023 2148 etiam
1063 2098 1306 2150 Collatio
1342 2098 1642 2162 confirmat,
1683 2097 1868 2164 paullo
1907 2104 2053 2162 ante,
2090 2106 2152 2149 ut
2186 2101 2340 2151 vide·

406 2172 512 2229 tur,
572 2168 892 2231 composita,
952 2167 1104 2215 cuius
1161 2172 1354 2216 auctor
1406 2168 1552 2216 inter
1600 2167 1839 2230 quinque
1887 2166 2124 2217 illustres
2172 2169 2343 2217 etiam

406 2234 533 2283 Gaii
571 2235 814 2299 scriptis,
861 2233 954 2283 sed
990 2238 1175 2283 tamen
1213 2239 1429 2283 tantum
1464 2234 1908 2284 Institutionibus
1936 2235 2055 2284 eius
2080 2249 2210 2284 usus
2238 2242 2344 2293 est.

507 2298 615 2351 Sed
650 2302 707 2349 in
753 2302 836 2350 his
885 2302 1037 2364 ipsis,
1088 2315 1225 2364 quas
1275 2302 1503 2362 edimus,
1558 2306 1619 2350 ut
1663 2317 1806 2351 nunc
1852 2301 2039 2365 paullo
2083 2302 2344 2353 immore-

406 2383 540 2431 mur,
587 2369 704 2417 iure
751 2368 971 2428 dixeris,
1016 2368 1443 2432 praeclariorem
1489 2368 1555 2417 de
1601 2369 1717 2418 iure
1765 2368 1915 2418 civili
1960 2369 2158 2418 librum
2201 2385 2344 2419 nun-

406 2451 567 2499 quam
612 2437 879 2500 scriptum
925 2436 1123 2497 fuisse,
1178 2438 1291 2486 sive
1338 2435 1548 2485 dotium
1594 2438 1714 2485 eius
1759 2435 2162 2499 excellentiam,
2219 2438 2343 2489 sive

405 2502 690 2553 mirificam
736 2503 951 2553 fructus
995 2505 1309 2553 ubertatem
1350 2508 1405 2552 et
1443 2504 1681 2553 fatorum
1721 2503 2048 2553 felicitatem
2096 2510 2344 2568 spectes.

404 2572 758 2622 Praestantia
793 2571 923 2621 libri
959 2571 1258 2635 praecipue
1295 2571 1380 2621 his
1418 2573 1581 2622 rebus
1621 2571 1987 2636 conspiciturz
2028 2571 2176 2638 quod·
2208 2587 2340 2634 non,

402 2643 462 2687 ut
498 2641 809 2702 superiores
844 2638 975 2687 libri
1020 2654 1224 2703 omnes,
1272 2654 1437 2687 unam
1473 2637 1774 2689 alteramve
1822 2640 1958 2688 iuris
1995 2637 2176 2687 civilis
2214 2654 2347 2703 par-

403 2714 528 2764 tem,
573 2705 671 2753 sed
709 2720 920 2768 revera,
961 2709 1022 2755 ut
1044 2707 1375 2755 Lactantius
1413 2708 1460 2768 5,
1497 2708 1545 2754 4.
1584 2707 1630 2766 §-
1668 2709 1716 2756 3.
1759 2722 1790 2755 a
1829 2705 2137 2770 quibusque
2176 2706 2346 2756 Insti-

402 2773 712 2822 tutionibus
749 2772 952 2837 exegit,
991 2774 1185 2822 ‘totius
1223 2774 1510 2823 doctrinae
1549 2774 1920 2822 substantiam
1951 2774 2240 2837 continet’,
2284 2779 2345 2824 et

403 2839 520 2889 eius
557 2839 778 2904 quidem
817 2840 972 2901 iuriS,
1010 2854 1114 2902 quo
1150 2844 1263 2889 tum
1301 2841 1590 2905 imperium
1613 2840 1913 2890 Romanum
1948 2841 2228 2903 utebatur,
2273 2842 2344 2893 de

403 2922 508 2970 quo
545 2908 654 2955 iam
691 2905 822 2967 dixi,
873 2907 1244 2956 substantiam
1291 2924 1421 2959 vero
1466 2908 1546 2957 ita
1592 2906 1915 2958 felicissime
1965 2907 2340 2971 enucleatam,

402 2979 464 3022 ut
499 2973 678 3022 adhuc
723 2973 876 3023 rudis
912 2975 1104 3024 tironis
1151 2977 1367 3025 animus
1412 2990 1515 3024 nec
1560 2975 2052 3025 ieiuna'exilitate
2090 2975 2341 3026 deterre-

403 3044 572 3101 retur,
630 3055 735 3089 nec
780 3043 966 3091 otiosa
1016 3042 1176 3106 copia
1221 3043 1640 3108 opprimeretur.
1731 3043 1942 3092 Deinde
1999 3043 2142 3106 quod
2194 3043 2345 3093 hanc

400 3108 579 3172 ipsam
615 3107 979 3157 substantiam
1018 3109 1344 3174 dispositam
1381 3109 1552 3160 habet
1599 3124 1706 3159 non
1744 3110 1900 3160 modo
1938 3114 2065 3174 apte
2099 3113 2154 3159 et
2192 3126 2343 3160 com·

400 3174 554 3225 mode
593 3178 828 3237 omnino,
879 3176 975 3226 sed
1011 3182 1090 3240 ut,
1140 3177 1186 3227 si
1222 3192 1488 3225 summam
1534 3181 1770 3241 spectas,
1820 3175 1973 3226 nulla
2010 3177 2123 3226 alia
2172 3193 2238 3226 ex
2279 3194 2340 3228 re

401 3243 523 3306 ipsa
560 3245 739 3307 petita
765 3243 964 3294 divisio
988 3244 1230 3294 inveniri
1267 3259 1428 3308 posse
1455 3243 1734 3294 videatur:
1775 3244 1832 3293 id
1868 3244 2031 3309 quod,
2070 3259 2189 3293 cum
2217 3245 2343 3294 fon-

405 3310 540 3359 tium
576 3311 714 3361 iuris
750 3311 808 3360 in
844 3311 928 3360 ius
965 3312 1209 3375 gentium
1249 3317 1305 3361 et
1340 3313 1425 3360 ius
1458 3310 1619 3360 civile
1648 3312 1845 3361 divisio
1873 3315 1984 3361 iam
2011 3327 2077 3361 ex
2104 3313 2342 3376 antiqua.

401 3375 589 3441 populi
624 3379 781 3428 Rom.
827 3379 1259 3444 iurisprudentia
1306 3383 1523 3428 retenta
1560 3379 1652 3442 sit,
1690 3380 1924 3429 maxime
1970 3379 2123 3428 cadit
2158 3380 2216 3429 in
2255 3378 2342 3429 al·

402 3450 578 3495 teram
613 3445 767 3495 illam
805 3451 862 3495 et
900 3446 1060 3510 plane
1099 3461 1297 3496 novam
1341 3446 1515 3510 ipsius
1558 3446 1695 3495 iuris
1732 3447 1936 3511 privati
1971 3446 2028 3495 in
2063 3448 2149 3496 ius
2187 3447 2340 3511 quod

406 3512 474 3560 ad
511 3529 774 3577 personas
820 3514 935 3579 (lib.
974 3514 999 3563 Ι
1023 3513 1062 3577 ),
1110 3513 1256 3578 quod
1295 3513 1362 3562 ad
1400 3527 1486 3563 res
1528 3510 1644 3575 (lib.
1685 3514 1755 3563 11.
1792 3514 1936 3578 111.),
1985 3519 2041 3563 et
2077 3514 2223 3578 quod
2266 3516 2342 3568 ad
