2546 3928
217 1127 297 1173 14.

314 131 393 187 36
934 139 1051 176 om
1088 141 1283 176 msnr.
1319 128 1367 176 Ι.
1401 129 1642 177 49—55.

311 265 413 325 49.
459 267 565 323 Sed
594 284 787 333 rursus
819 282 1001 320 earum
1033 280 1413 338 personarum,
1456 282 1592 338 quae
1622 265 1797 321 alieno
1842 265 1942 319 iuri
1975 264 2260 322 subiectae

314 360 463 422 sunt,
495 351 626 407 aliae
654 353 711 408 in
742 357 1039 424 potestate,
1075 348 1208 405 aliae
1237 351 1292 404 in
1322 366 1508 420 manu,
1550 350 1685 405 aliae
1713 351 1768 405 in
1798 348 2064 422 mancipio
2095 359 2255 406 sunt.

313 433 411 493 50.
468 435 756 495 Videamus
804 452 949 490 nunc
997 435 1063 489 de
1103 434 1188 502 iis,
1242 444 1390 507 quae*v
1420 434 1606 490 alieno.
1638 435 1743 490 iuri
1784 432 2068 490 subiectae
2113 435 2260 491 sint:

314 512 548 596 ’(nam)¹
591 522 637 578 si
667 520 1113 595 cognom-imus,
1156 534 1295 591 quae
1334 521 1468 574 istae
1511 534 1778 593 personae
1809 522 1941 590 sint,
1981 518 2143 574 simul
2170 520 2261 574 in-

312 607 657 679 tellegemuS,
704 621 840 678 quae
880 604 965 658 sui
1007 604 1136 659 iuris
1167 604 1297 658 sint.
1386 601 1479 660 51.
1523 606 1600 658 Ac
1629 603 1779 676 prius
1810 602 2153 675 dispiciamus
2184 603 2258 659 de

313 693 399 762 iis,
435 691 527 763 qui
554 691 610 745 in
641 689 811 745 aliena
839 695 1114 762 potestate
1144 695 1293 745 sunt.

441 770 643 830 52.·1n
675 781 950 847 potestate
983 772 1165 846 itaque
1195 781 1325 829 sunt
1355 773 1499 827 serui
1541 771 1901 827 dominorum.
1963 787 2098 845 quae
2133 774 2256 845 qui-

316 860 435 915 dem
476 867 723 933 potestas
773 860 907 913 iuris
949 857 1193 929 gentium
1233 864 1348 911 est:
1404 873 1524 911 nam
1566 858 1715 929 apud
1751 872 1939 911 omnes
1979 872 2256 930 peraeque
2277 868 2415 927 [ιιι]

317 954 512 1018 gentes
533 942 955 1000 animaduertere
980 957 1297 1015 possumus,
1330 941 1559 996 dominis
1589 942 1645 995 in
1676 957 1869 996 seruos
1901 941 2045 995 uitae
2076 943 2255 997 necis-

319 1045 423 1103 que
463 1035 794 1102 potestatem
834 1042 976 1095 esse,
1018 1022 1074 1079 et
1115 1027 1499 1098 quodcumque
1540 1041 1639 1097 per
1678 1041 1899 1080 seruum
1928 1025 2255 1097 adquiritur,

319 1113 370 1167 id
416 1112 634 1167 domino
678 1102 968 1184 'adquiri.²
1051 1105 1149 1167 53.
1207 1108 1314 1164 Sed
1358 1111 1462 1165 hoc
1504 1118 1751 1182 tempore
1791 1125 1968 1181 neque
2011 1104 2248 1187 ciuibus!

318 1197 591 1267 Romaim,
644 1210 744 1250 nec
795 1194 918 1249 ullis
966 1194 1084 1249 aliis
1126 1193 1466 1264 hominihuS,
1520 1195 1611 1266 qui
1652 1192 1752 1248 sub
1791 1195 2020 1266 imperio
2059 1194 2253 1267 populi

318 1281 541 1337 Romani
571 1288 716 1350 sunt,
759 1279 886 1335 licet
915 1294 1078 1352 supra
1109 1278 1326 1332 modum
1368 1286 1422 1332 et
1453 1279 1570 1332 sine
1602 1295 1764 1334 eausa
1803 1280 1859 1332 in
1891 1294 2083 1333 seruos
2119 1295 2254 1334 suos

318 1367 556 1421 saeuire:
588 1380 708 1420 nam
740 1380 803 1419 ex
827 1363 1220 1418 constitutione
1247 1363 1590 1417 sacratissimi
1619 1364 1967 1433 imperatoris
1995 1364 2254 1419 Antonini

319 1452 411 1524 qui
442 1451 559 1505 sine
591 1464 752 1504 causa
780 1464 1001 1504 seruum
1045 1463 1203 1501 suum
1234 1446 1511 1515 occiderit,
1553 1463 1662 1501 non
1693 1448 1869 1501 minus
1899 1448 2073 1502 teneri
2103 1447 2253 1502 iube·

319 1544 428 1606 tur,
462 1551 620 1608 quam
653 1535 745 1606 qui
779 1532 1011 1590 alienum
1035 1548 1253 1587 seruum
1288 1530 1565 1586 occiderit.
1620 1531 1716 1586 sed
1748 1538 1802 1586 et
1832 1532 2004 1587 maior
2035 1548 2255 1605 quoque

319 1621 575 1694 asperitas
635 1619 977 1674 dominorum
1037 1634 1135 1689 per
1193 1615 1431 1672 eiusdem
1491 1616 1749 1688 principis
1805 1617 2252 1671 constitutionem

317 1712 628 1760 coercetur:
673 1719 795 1758 nam
827 1701 1110 1757 consultus
1152 1717 1178 1754 a
1222 1699 1542 1773 quibusdam
1585 1698 1918 1773 praesidibus
1949 1701 2254 1773 prouincia-

316 1805 436 1843 rum
455 1786 522 1842 de
545 1787 629 1841 his
652 1787 848 1855 seruiS‚
881 1786 974 1858 qui
1004 1782 1067 1839 ad
1101 1783 1222 1838 sana
1243 1783 1470 1839 deorum
1500 1784 1590 1838 uel
1621 1784 1685 1839 ad
1716 1793 1926 1840 statuas
1950 1787 2254 1858 principum

318 1870 663 1942 confugiunt,
705 1870 1000 1943 praecepit,
1046 1875 1108 1922 ut
1148 1869 1191 1922 si
1233 1866 1589 1924 intolerabilis
1633 1869 1881 1924 uideatur
1911 1870 2254 1926 dominorum

320 1957 579 2027 saeuitia,
633 1963 899 2029 cogantur
948 1969 1140 2010 seruos
1187 1951 1443 2009 uendere.
1517 1962 1573 2009 et
1627 1962 1919 2027 utrumque
1963 1963 2108 2024 recte
2163 1953 2253 2009 fit:

320 2042 455 2097 male
497 2043 637 2097 enim
680 2049 871 2096 nostro
911 2041 1028 2095 iure
1070 2039 1147 2094 uti
1175 2054 1289 2094 non
1320 2037 1604 2112 debemus3
1651 2057 1756 2113 qua
1794 2041 2009 2095 ratione
2042 2047 2097 2096 et
2124 2057 2251 2113 pro·

321 2127 462 2200 digis
504 2125 849 2182 interdicitur
888 2124 1157 2180 bonorum
1201 2138 1426 2177 suorum
1459 2121 1869 2179 administratio.
1956 2121 2051 2181 54.
2101 2124 2259 2180 Cete-

318 2228 440 2265 rum
471 2227 590 2266 cum
630 2217 759 2282 aput
788 2211 935 2264 ciues
961 2208 1228 2263 Romanos
1254 2205 1455 2279 duplex
1480 2208 1549 2263 sit
1576 2207 1872 2263 dominium
1906 2203 2048 2280 (nam
2079 2208 2169 2265 uel
2199 2211 2255 2263 in

322 2294 476 2350 bonis
509 2294 597 2348 uel
627 2309 691 2347 ex
720 2295 839 2348 iure
871 2287 1159 2357 Quiritium
1204 2290 1295 2345 uel
1326 2306 1389 2345 ex
1423 2299 1657 2365 utroque
1699 2294 1815 2347 iure
1846 2295 2110 2367 cuiusque
2141 2311 2256 2349 ser·

321 2396 424 2434 uus
455 2393 574 2433 esse
602 2375 988 2451 intellegitur),
1027 2378 1103 2431 ita
1135 2375 1350 2430 demum
1392 2392 1609 2431 seruum
1654 2379 1706 2431 in
1748 2386 2020 2450 potestate
2052 2378 2255 2434 domini

321 2479 441 2519 esse
471 2463 731 2532 dicemus,
773 2464 817 2518 si
848 2463 903 2517 in
933 2460 1090 2518 bonis
1123 2461 1238 2515 eius
1271 2461 1363 2529 sit,
1407 2461 1613 2515 etiamsi
1642 2462 1804 2517 simul
1836 2479 1899 2518 ex
1931 2465 2046 2518 iure
2078 2461 2256 2530 Quiri-

316 2550 451 2603 tium
483 2547 722 2604 eiusdem
755 2564 865 2603 non
895 2548 994 2603 sit:
1036 2562 1159 2601 nam
1200 2545 1291 2617 qui
1323 2544 1526 2600 nudum
1557 2546 1640 2600 ius
1673 2544 1960 2612 Quiritium
2000 2549 2055 2602 in
2087 2564 2254 2604 seruo

318 2632 503 2702 hahet,
532 2634 580 2686 is
609 2641 934 2704 potestatem
967 2630 1162 2686 habere
1193 2645 1303 2684 non
1333 2628 1691 2702 intellegitur.

444 2712 537 2771 55.
586 2715 718 2771 item
748 2717 803 2771 in
832 2723 1105 2789 potestate
1134 2720 1323 2769 nostra
1351 2721 1479 2768 sunt
1510 2713 1663 2769 liberi
1694 2718 1892 2785 nostri,
1926 2733 2065 2791 quos
2095 2718 2255 2774 iustis

459 2917 501 2979 ¹)
538 2916 630 2966 Ex
655 2917 770 2979 Diy.
800 2922 850 2963 et
872 2913 1006 2962 Inst.
1033 2913 1280 2976 supplevi.
1388 2910 1428 2976 ²)
1468 2911 1730 2978 adquiritur
1766 2916 1816 2967 0.
1847 2917 1964 2966 edd.
2012 2916 2122 2967 Sed
2141 2934 2256 2968 sen·

319 2985 481 3033 tentia
514 2992 564 3033 et
594 2999 681 3033 res
713 2985 828 3045 ipsa
863 2979 950 3045 (cf.
976 2992 1017 3043 1,
1043 2990 1109 3030 54.
1145 2990 1187 3041 2,
1212 2976 1304 3041 88.)
1337 2983 1565 3047 exigunt,
1602 2990 1657 3031 ut
1685 3000 1791 3033 eum
1816 2985 2124 3035 Haloandro
2164 2983 2258 3052 (ad

319 3052 438 3113 Diy.
465 3054 499 3100 l.
526 3050 594 3112 c.)
621 3054 839 3113 legamus
864 3052 1066 3115 adquiri.
1124 3091 1133 3098 .

454 3216 506 3287 ξ.
541 3221 624 3271 49.
673 3219 750 3282 Cf.
786 3221 877 3270 Fr.
924 3221 1042 3271 Vat.
1076 3233 1167 3273 298.
1201 3234 1294 3273 300.
1334 3224 1455 3273 Lea:
1487 3223 1629 3272 Flav.
1666 3223 1813 3287 Salp.
1849 3233 1918 3273 22.
1963 3222 2041 3286 ,3.
2069 3225 2152 3277 52.
2185 3243 2258 3267 =

318 3288 384 3339 L.
411 3298 451 3337 1.
475 3286 530 3351 S.
557 3300 600 3338 1.
639 3288 703 3337 D.
727 3289 791 3337 de
814 3289 892 3338 his
918 3306 964 3354 q.
991 3292 1072 3339 sui
1095 3288 1156 3354 (1,
1173 3289 1236 3353 6).
1264 3289 1320 3354 S.
1348 3302 1387 3340 1.
1415 3291 1465 3339 J.
1492 3292 1605 3340 eod.
1635 3290 1694 3354 (1,
1715 3290 1781 3353 8).
1840 3288 1893 3357 ξ.
1924 3294 2005 3343 53.
2030 3310 2097 3330 =
2121 3292 2187 3343 L.
2212 3306 2255 3341 1.

321 3355 376 3420 8.
400 3367 443 3407 2.
469 3357 535 3405 D.
563 3354 616 3419 S.
635 3366 676 3405 2.
697 3356 742 3406 Ι.
764 3358 877 3407 eod.
919 3357 997 3418 Cf.
1027 3358 1207 3408 Collat.
1233 3370 1276 3421 3,
1300 3368 1343 3407 2.
1369 3370 1412 3407 a.
1435 3355 1667 3422 prodigis]
1710 3359 1786 3421 Cf.
1807 3361 1956 3409 Paul.
1983 3370 2025 3422 3,
2044 3365 2108 3409 4⁸.
2138 3358 2193 3422 S.
2213 3371 2254 3409 τ.

318 3421 371 3489 ξ.
400 3427 482 3475 54.
518 3424 560 3474 G
590 3463 602 3475 .
631 3422 724 3488 38.
750 3422 845 3474 21¹³.
868 3435 934 3475 35.
974 3426 1116 3487 infra
1139 3437 1180 3485 2,
1205 3437 1273 3477 4ο.
1298 3436 1363 3478 88.
1399 3437 1442 3490 3,
1471 3435 1562 3478 166.
1604 3426 1721 3490 Ulp.
1748 3438 1789 3488 1,
1815 3436 1880 3477 16.
1926 3426 2188 3490 Theophil.
2213 3440 2257 3490 1,

319 3500 361 3541 5.
389 3490 443 3554 S.
469 3504 511 3541 4.
580 3488 631 3557 ξ.
659 3494 742 3546 55.
767 3512 835 3536 =
862 3494 924 3543 L.
957 3502 998 3546 3.
1046 3495 1112 3543 D.
1147 3496 1210 3543 de
1245 3494 1324 3543 his
1359 3510 1406 3558 q.
1440 3495 1521 3542 sui
1551 3510 1593 3543 v.
1623 3497 1692 3545 al.
1717 3495 1814 3543 ίαν.
1844 3492 1904 3556 (1,
1929 3491 1996 3559 6).
2020 3511 2103 3558 pr.
2130 3493 2186 3558 S.
2210 3506 2251 3545 2.

2258 3747 2270 3772 ζ
2301 3747 2310 3760 ι’.

2267 3775 2274 3794 1
