2546 3928
364 149 445 204 46
978 160 1102 195 ont
1142 160 1333 194 ms‘rtr.
1377 146 1409 193 i.
1450 147 1684 223 97-99.

366 289 585 343 ueniunt
607 306 623 353 ;
649 302 766 340 nam
794 285 984 339 horum
1009 287 1062 339 in
1085 293 1355 358 potestate
1380 282 1519 341 fiunt
1544 283 1715 339 liberi.
1765 278 1863 339 96.
1897 277 2166 357 'quodius
2183 287 2310 358 qui·

364 371 585 426 busdam
622 369 927 443 peregrinis
956 366 1281 424 ’ciuitatibus
1314 366 1496 423 datum
1528 376 1611 423 est
1643 367 1732 423 uel
1762 385 1788 422 a
1818 368 2024 442 populo
2057 367 2306 426 Romano

366 454 455 510 uel
485 471 513 508 a
545 462 736 509 senatu
768 453 853 509 uel
886 470 914 508 a
945 452 1171 508 Caesare
1203 482 1283 491 —
1317 482 1399 493 --
1434 484 1508 493 —-
1540 483 1625 492 —-
1655 460 1748 508 aut
1778 453 1949 508 maius
1982 462 2066 508 est
2089 451 2305 508 Latium

365 547 458 594 aut
488 540 693 607 minus3
727 539 895 593 maius
914 548 999 594 est
1024 536 1254 609 Latium,
1288 553 1410 593 eum
1440 544 1495 592 et
1526 537 1602 605 hi,
1634 539 1728 611 qui
1755 537 2075 593 decuriones
2107 537 2306 612 legun-

265 630 348 680 26.
373 632 484 695 tur,
523 633 577 678 et
609 621 676 692 ei,
725 624 816 697 qui
849 623 1114 678 honorem
1156 621 1390 695 aliquem
1422 614 1554 677 aut²
1602 616 1612 698 Ι
1662 623 2039 696 magistratum
2074 632 2305 696 gerunt,

365 709 636 765 ciuitatem
680 706 968 764 Romanam
1010 714 1406 776 consecuntur3
1449 707 1623 761 miuus
1656 699 1902 761 Latium3
1943 714 2044 777 est,
2090 723 2209 763 eum
2248 708 2303 762 hi

367 801 593 863 tantum,
626 793 720 865 qui
742 793 828 848 uel
850 793 1224 866 magistratum
1257 791 1345 847 uel
1377 791 1638 846 honorem
1673 798 1893 864 gerunt,
1925 790 1987 846 ad
2020 792 2301 846 ciuitatem

362 878 654 933 Romanam
685 879 1029 950 perueniunt.
1100 875 1261 948 idque
1294 874 1646 949 conpluribus
1678 875 1923 948 epistulis
1954 876 2258 950 principum
2278 872 2301 908 ‘¹

363 960 720 1036 significatur.
1469 1022 1474 1025 ,

448 1054 457 1106 Ι
493 1077 825 1084 -Μψῂ
1074 1077 1141 1082 -2
1174 1077 1199 1079 a
1235 1063 1280 1098 v.
1319 1038 1420 1101 6.5
1471 1075 2164 1082 *mm-—
2202 1051 2211 1103 Ι

364 1125 458 1189 97.
507 1127 643 1186 Νοη
682 1131 863 1185 solum
907 1136 1094 1186 tamen
1135 1131 1441 1185 naturales
1472 1129 1643 1185 tiberi
1669 1130 1983 1184 secundum
2013 1142 2102 1195 ea,
2146 1144 2302 1200 quae

365 1215 613 1284 diximuS,
655 1214 707 1268 in
751 1220 1029 1287 potestate
1071 1221 1257 1269 nostra
1288 1221 1437 1284 sunt,
1480 1229 1674 1268 uerum
1704 1223 1758 1268 et
1790 1212 1866 1284 hi,
1905 1230 2043 1286 quos
2075 1211 2302 1286 adopta-

367 1315 503 1355 mus,
578 1294 678 1359 98.
726 1297 959 1371 Adoptio
993 1306 1173 1353 autem
1204 1297 1416 1353 duobus
1448 1297 1621 1353 modis
1656 1295 1736 1368 fit,
1768 1305 1859 1353 aut
1889 1297 2079 1371 populi
2110 1304 2304 1353 aucto·

364 1384 543 1454 ritate,
587 1391 680 1438 aut
721 1381 929 1456 inperio
972 1383 1340 1456 magistratum,
1384 1382 1538 1438 uelut
1580 1383 1861 1455 praetoris».
1955 1377 2053 1438 99.
2101 1380 2298 1454 Populi

365 1469 686 1523 auctoritate
728 1467 1045 1541 adoptamus
1090 1484 1206 1538 eoS,
1263 1468 1355 1540 qui
1394 1469 1479 1522 sui
1519 1468 1650 1522 iuris
1690 1475 1845 1522 sunt:
1901 1483 2049 1540 quae
2088 1467 2302 1540 species
2326 1461 2455 1532 [125]

364 1551 670 1626 adoptionis
713 1552 911 1608 dieitur
940 1552 1238 1626 adrogatio,
1288 1553 1410 1625 quia
1442 1561 1496 1607 et
1527 1553 1592 1621 is,
1638 1553 1731 1624 qui
1761 1550 2000 1625 adoptat,
2045 1558 2297 1625 rogatur,

363 1635 416 1690 id
448 1647 532 1692 est
563 1639 954 1711 interrogatur,
984 1654 1050 1692 an
1077 1637 1208 1692 uelit
1230 1653 1371 1707 eum,
1406 1653 1566 1708 quem
1585 1634 1941 1709 adoptaturus
1972 1637 2064 1706 sit,
2095 1636 2302 1692 iustum

365 1720 462 1775 sihi
497 1719 664 1775 filium
697 1737 848 1788 esse3
883 1728 935 1775 et
965 1722 1033 1792 is,
1056 1721 1158 1792 qui
1182 1721 1492 1793 adoptatur,
1524 1728 1772 1793 rogatur,
1804 1737 1869 1775 an
1899 1719 1953 1775 id
1986 1717 2098 1774 fieri
2127 1721 2302 1793 patia-

367 1813 482 1872 tur3
516 1811 570 1859 et
598 1803 835 1877 populus
866 1800 1113 1877 rogatur,
1156 1821 1222 1859 an
1254 1803 1309 1858 id
1341 1803 1457 1859 fieri
1486 1803 1685 1860 iubeat.
1753 1805 1963 1878 inperio
2007 1805 2301 1878 magistra-

366 1896 449 1943 tus
482 1887 801 1961 adoptamus
844 1904 960 1957 eOS,
1003 1889 1092 1960 qui
1124 1888 1175 1943 in
1209 1896 1485 1961 potestate
1516 1890 1821 1961 parentium
1853 1897 1997 1961 sunt,
2038 1892 2157 1945 siue
2187 1891 2300 1962 pri-

501 2070 538 2135 1)
566 2072 694 2122 Num
721 2067 778 2138 §i
800 2073 916 2122 edd.
943 2082 978 2121 1.
1007 2082 1048 2122 2.
1074 2073 1305 2121 omissum
1328 2072 1407 2121 liic
1426 2087 1621 2136 ponere
1644 2074 1851 2135 placuit.
1910 2069 1955 2136 ²)
2002 2072 2173 2123 Totum
2200 2072 2297 2123 hoe

360 2143 756 2204 supplementum
774 2139 987 2190 debetur
1005 2140 1059 2189 V
1062 2139 1118 2190 δ’.
1145 2139 1211 2188 In
1222 2142 1421 2200 lacuna,
1448 2156 1576 2205 quae
1588 2146 1767 2201 restat,
1792 2139 2161 2189 Studemundus
2174 2141 2301 2189 nihil

358 2215 575 2271 praeter
585 2209 886 2267 particulam
905 2208 1120 2271 aliquam
1137 2208 1337 2270 perisse
1347 2212 1494 2271 putat
1511 2211 1643 2257 velut
1661 2206 1797 2257 ‘Set'
1811 2207 1988 2257 Malim
1997 2211 2054 2257 ιι(
2060 2205 2295 2272 aliq(uo).

361 2277 612 2322 ceterum'
650 2276 727 2323 De
752 2289 810 2323 re
843 2281 1132 2323 notaveram
1157 2274 1272 2323 edd.
1301 2286 1336 2327 1.
1362 2284 1437 2326 2..·
1471 2274 1649 2325 Maius
1676 2275 1875 2324 Latium
1900 2276 2003 2325 dici
2023 2277 2193 2339 coepit
2217 2277 2297 2325 ius

361 2340 506 2390 Latii
527 2342 643 2390 inde
667 2357 699 2390 a
732 2342 782 2390 V
781 2342 1077 2406 espa-siam,
1101 2342 1314 2405 primum
1334 2342 1641 2405 Hispaniae,
1667 2343 1742 2392 ita
1766 2344 1950 2401 datam,
1978 2350 2031 2392 ut
2054 2344 2149 2392 liae
2173 2345 2296 2394 civi-

362 2415 494 2459 tates
516 2410 673 2474 maqis
693 2410 874 2473 populi
895 2408 1036 2460 Rom.
1060 2409 1345 2472 municipia,
1380 2412 1497 2460 licet
1521 2411 1695 2460 civium
1721 2411 2035 2472 Latinorum,
2070 2427 2215 2475 quam
2241 2419 2297 2459 ut

361 2478 637 2542 antiquitas
668 2478 762 2527 hoc
795 2480 905 2528 iure
930 2478 1050 2527 dato
1089 2474 1246 2541 (Ptin.
1279 2477 1339 2529 N.
1365 2476 1438 2527 H.
1462 2487 1504 2542 3,
1534 2490 1573 2530 1.
1602 2475 1654 2541 3.
1681 2488 1721 2530 3.
1751 2488 1791 2537 3,
1819 2488 1858 2528 3.
1888 2475 1942 2541 3.
1968 2489 2007 2528 4.
2033 2488 2075 2540 3,
2097 2489 2135 2527 4.
2167 2472 2221 2543 3
2248 2491 2289 2527 4.

360 2556 399 2603 4,
425 2555 488 2595 22.
518 2540 571 2611 3.
595 2544 681 2609 35.)
717 2547 947 2596 coloniae
985 2546 1202 2594 Latinae
1239 2543 1427 2609 (supra
1460 2543 1511 2608 3.
1538 2555 1604 2594 22.
1654 2545 1796 2595 Suet.
1829 2545 1976 2595 Caes.
2007 2554 2049 2595 8.
2097 2546 2293 2595 Ascon.

360 2614 414 2661 in
447 2612 550 2664 Cio.
577 2614 753 2664 Pison.
790 2615 898 2663 init.
930 2614 1031 2663 Dio
1065 2623 1128 2672 43,
1151 2613 1227 2675 39)
1263 2628 1394 2677 esse,
1417 2614 1643 2678 ¹ideoque
1678 2611 1765 2676 (cf.
1793 2610 1991 2663 ‘Gaius‘
2023 2611 2081 2678 'p.
2110 2613 2291 2675 7-10)

362 2681 448 2745 qui
470 2682 812 2743 maqistratum
832 2682 902 2730 ibi
913 2687 1170 2743 gererent,
1197 2682 1261 2730 de
1286 2682 1399 2744 ipso
1423 2683 1612 2745 populo
1642 2680 1776 2731 Rom.
1797 2681 1921 2731 bene
1939 2697 2135 2731 merere
2159 2682 2295 2731 vide-

359 2752 558 2807 rentur,
584 2753 641 2796 ιιι
663 2750 757 2796 iam
778 2750 925 2813 quasi
946 2749 1194 2797 radicitus
1219 2754 1268 2796 et
1295 2755 1529 2813 tanquam
1553 2750 1674 2798 iusti
1696 2755 1746 2798 et
1769 2750 1975 2813 legitimi
1996 2750 2133 2798 cives
2152 2748 2292 2799 Rom.

363 2813 510 2880 (Leq.
544 2816 676 2864 Acil.
711 2822 872 2879 repet.
909 2830 959 2863 c.·
993 2816 1056 2864 de
1089 2815 1323 2865 ceivitate
1348 2817 1550 2873 danda‚·
1584 2817 1647 2865 L.
1677 2826 1741 2866 32.
1773 2817 1836 2868 D.
1866 2818 1930 2866 de
1954 2817 2064 2866 iure
2082 2817 2201 2879 fisci
2223 2827 2290 2877 49,

360 2880 448 2947 14),
476 2884 563 2949 qui
586 2882 745 2932 tribus
770 2890 820 2933 et
844 2884 972 2932 iuris
994 2882 1236 2932 honorum
1262 2884 1449 2933 Romae
1471 2884 1754 2948 participes
1770 2886 1974 2947 fierent,
2012 2886 2161 2934 etiam
2184 2900 2294 2933 cum

356 2951 658 3013 parentibus
683 2958 734 2999 et
767 2951 938 3001 liberis
963 2956 1014 2999 et
1038 2965 1203 3000 uxore
1238 2952 1289 2999 in
1313 2952 1562 3000 civitatem
1584 2952 1831 3001 venirent.
1884 2952 1961 3013 Cf.
1988 2954 2138 3002 etiam
2167 2952 2291 3001 Geli.

360 3026 422 3076 16,
451 3028 513 3067 13.
539 3050 602 3057 —
630 3017 738 3067 Sed
758 3020 855 3067 iam
881 3026 1013 3068 totus
1037 3018 1118 3067 lzic
1140 3020 1203 3067 de
1223 3018 1368 3068 Latii
1389 3020 1498 3069 iure
1522 3022 1661 3069 Iocus
1686 3034 1811 3069 novo
1837 3022 2026 3083 indiget
2051 3027 2291 3069 tractatu.

360 3082 403 3144 3)
448 3085 503 3131 V
515 3084 553 3115 Si
575 3086 718 3134 latum
752 3088 868 3139 edd.
902 3091 1118 3149 praeter
1141 3102 1277 3135 meas
1310 3099 1345 3138 1.
1372 3097 1411 3135 2.
1519 3083 1562 3149 ⁴)
1600 3088 1673 3135 ad
1693 3088 1963 3149 praesides
1983 3095 2111 3151 puta
2137 3088 2287 3136 datis,

360 3151 401 3214 ⁵)
446 3151 655 3201 Tantum
679 3152 916 3203 rubricae
940 3155 1138 3203 videtur
1163 3155 1445 3204 destinatus
1465 3154 1644 3215 faisse.
2161 3157 2171 3170 '

358 3316 424 3358 24.
452 3314 518 3354 30.
559 3320 601 3354 c.
627 3315 677 3354 2ο
703 3303 814 3369 (24).
849 3300 900 3370 3.
930 3315 1018 3357 133.
1063 3305 1220 3354 Tac-it.
1256 3309 1316 3354 Α.
1352 3315 1415 3367 15,
1452 3316 1521 3356 32.
1571 3305 1641 3356 H.
1678 3316 1720 3369 3,
1753 3316 1818 3355 55.
1856 3308 1988 3356 Ptin.
2010 3323 2198 3371 paneg).
2224 3317 2287 3357 37.

358 3371 424 3423 39.
466 3371 732 3436 Spartian.
763 3374 933 3423 Hadr.
961 3383 1027 3422 ·2o.
1067 3371 1221 3426 Orell.
1245 3383 1363 3426 4040.
1436 3370 1487 3439 ξ.
1518 3373 1599 3425 97.
1635 3393 1702 3413 =
1735 3390 1819 3438 pr.
1856 3374 1905 3427 I.
1933 3375 1996 3423 de
2021 3375 2196 3438 adopt.
2223 3371 2287 3439 (1,

359 3440 442 3501 11).
482 3441 559 3503 Cf.
599 3440 710 3505 Utp.
740 3451 779 3499 8,
807 3453 845 3490 1.
928 3438 1015 3507 ἓξ.
1043 3441 1122 3492 98.
1151 3442 1234 3491 99.
1259 3461 1326 3481 =
1351 3440 1414 3489 L.
1441 3452 1465 3489 2
1488 3457 1570 3504 pr.
1599 3441 1664 3489 D.
1687 3443 1753 3490 de
1778 3443 1955 3505 adopt.
1984 3438 2047 3505 (1,
2074 3441 2136 3505 7).
2165 3440 2286 3505 3.1.

361 3507 408 3558 I.
430 3510 542 3558 eod.
573 3508 635 3572 (1,
666 3510 750 3571 11).
791 3509 869 3569 Cf.
903 3510 1016 3573 [ΗΡ.
1044 3518 1082 3564 3,
1109 3518 1147 3557 2.
1175 3519 1212 3556 3.
1256 3508 1379 3558 Geel.
1407 3519 1449 3571 5,
1482 3519 1541 3557 Ι9.
1586 3508 1686 3557 Cic.
1716 3526 1813 3572 pro
1840 3511 1982 3559 domo
2007 3519 2071 3571 29,
2100 3519 2165 3558 77.
