2546 3928
327 202 408 263 54
906 215 1022 249 GA11
1059 215 1260 254 msn'r.
1295 201 1342 250 1.
1384 203 1686 253 133—134.

324 342 380 395 in
413 356 521 396 usu
553 346 654 406 est,
700 339 875 395 eidem
919 338 1229 412 mancipari)
1270 341 1426 412 isque
1470 355 1596 395 eum
1636 347 1826 412 postea
1857 340 2111 396 similiter
2143 342 2275 396 uin·

324 426 477 480 dicta
519 427 878 492 manumittit,
922 441 1033 496 quo
1069 423 1231 495 facto
1262 439 1460 480 rursus
1508 425 1561 477 in
1603 431 1927 497 potestatem
1970 425 2140 497 patris
2172 427 2279 480 sui

324 510 628 564 reuertitur
638 533 658 573 ‚·
701 516 838 565 tunc
882 509 1043 564 tertio
1083 517 1237 581 pater
1277 524 1397 565 eum
1426 510 1694 581 mancipat
1724 507 1813 562 uel
1846 507 2022 563 eidem
2053 508 2140 564 uel
2171 509 2271 565 alii

324 592 429 662 (set
460 593 563 649 hoc
592 594 649 648 in
679 609 783 648 usu
814 600 918 664 est,
962 600 1023 648 ut
1053 593 1226 648 eidem
1251 592 1614 665 mancipetur)
1650 608 1835 662 eaque
1855 585 2267 665 'mancipatione

323 678 524 734 desinit
562 679 620 732 in
657 683 935 748 potestate
975 678 1160 748 'patris
1198 692 1339 745 esse,
1390 677 1596 735 etiamsi
1627 677 1864 732 nondum
1898 679 2265 733 manumissus

224 763 304 811 36-
323 763 415 832 sit,
459 763 563 817 sed
591 761 765 818 adhuc
794 763 849 817 in
879 777 1040 818 causa
1072 759 1340 834 mancipii
1373 757 1384 837 Ι
1426 756 1608 827 ¹÷—-
2124 758 2262 819 133.

204 838 236 882 ¹·
262 844 299 878 s.
322 839 709 903 2Admonendz·
744 855 937 902 autem
978 862 1204 917 sumus,
1234 837 1488 903 ⁴liberum
1531 848 1833 903 arbitrium
1874 861 2001 902 esse
2049 851 2115 915 ei,
2162 852 2272 919 qui

320 934 500 1005 fitium
543 939 597 988 et
637 945 714 986 ex
745 947 810 988 eo
841 937 1101 1003 nepotem
1130 935 1190 987 in
1218 937 1505 1003 potestate
1534 930 1805 1005 babebit,
1827 932 2008 1002 filium
2037 934 2264 1003 quidem
2285 928 2424 999 [1331

319 1022 604 1088 potestate
634 1017 940 1084 dimittere,
971 1023 1233 1088 nepotem
1263 1032 1407 1072 uero
1435 1020 1496 1072 in
1527 1023 1816 1087 potestate
1846 1019 2130 1071 retinere.-
2163 1020 2266 1072 uel

324 1117 402 1156 ex
423 1102 655 1156 diuerso
676 1103 857 1170 sitium
883 1102 1106 1172 quidem
1125 1102 1183 1155 in
1207 1105 1496 1172 potestate
1520 1102 1792 1171 retinere,
1825 1107 2084 1171 nepotem
2116 1117 2263 1156 uero

320 1187 740 1252 manumittere,
772 1187 865 1240 uet
891 1199 1088 1240 omnes
1107 1188 1200 1241 sui
1226 1188 1375 1241 iuris
1398 1185 1660 1258 efficere.
1711 1186 1906 1240 eadem
1940 1190 1994 1240 et
2025 1186 2093 1240 de
2119 1203 2259 1255 pro-

323 1276 529 1340 nepote
560 1271 716 1325 dicta
749 1283 876 1326 esse
905 1270 1317 1342 intelleqemus.

446 1349 574 1410 134.
626 1346 974 1410 3Praeterea
1015 1361 1299 1424 parentes
1339 1357 1508 1409 etiam
1549 1355 1762 1409 liberos
1800 1354 1861 1409 in
1899 1355 2264 1425 adoptionem

322 1441 490 1496 datos
518 1442 576 1495 in
603 1445 892 1510 potestate
918 1439 1137 1495 habere
1168 1439 1453 1494 desinunt.
1514 1444 1570 1493 et
1597 1441 1656 1492 in
1681 1440 1805 1508 *filio
1837 1439 2077 1511 quidem,
2122 1441 2173 1492 si
2198 1441 2262 1492 in

222 1529 301 1581 37.
323 1525 683 1596 adoptionem
706 1526 898 1594 datur,
935 1529 1054 1580 tres
1078 1526 1535 1595 mancipationes
1572 1517 1583 1598 Ι
1623 1530 1676 1577 et
1699 1524 1839 1578 duae
1861 1521 2261 1577 intercedentes

462 1720 502 1781 ¹)
541 1722 680 1769 Nilzit
700 1723 752 1770 in
772 1723 872 1770 'lzac
893 1723 1086 1784 pagina
1110 1723 1212 1783 teyi
1227 1721 1414 1784 potuit.
1461 1719 1569 1770 Sed
1590 1721 1641 1769 in
1664 1722 1845 1784 priore
1870 1721 1978 1769 eius
1997 1727 2150 1782 parte
2174 1734 2261 1768 se-

323 1789 572 1853 quebatur
591 1790 738 1847 fere.-
776 1792 793 1817 θ
800 1790 941 1850 apud
964 1803 1088 1848 eum,
1121 1789 1204 1837 cui
1225 1789 1542 1851 mancipatus
1566 1795 1659 1837 est.
1705 1804 1739 1837 a
1763 1803 1860 1852 quo
1883 1789 1931 1836 si
1952 1803 2133 1836 rursus
2154 1803 2263 1836 ma-

322 1856 645 1916 numittatur,
679 1855 762 1904 sui
790 1856 917 1904 iuris
942 1857 1052 1917 fit’.
1101 1854 1298 1903 Rursus
1331 1854 1457 1904 haec
1494 1870 1624 1920 quae
1657 1857 1979 1918 eaeceperint,
2024 1858 2268 1919 cognosci

323 1928 492 1987 potest
515 1937 586 1972 ea:
614 1921 731 1972 Gaii
753 1923 876 1989 epit.
904 1933 946 1986 1,
973 1932 1015 1975 6.
1051 1917 1106 1988 3.
1135 1933 1160 1972 3
1183 1923 1343 1973 med..·
1380 1925 1397 1952 θ
1419 1921 1606 1972 Tamen
1630 1938 1739 1972 cum
1766 1921 1921 1973 tertio
1945 1924 2264 1987 mancipatus

319 1992 481 2053 fuerit
508 1993 644 2054 fitius
677 2007 710 2041 a
742 1999 894 2055 patre
918 1993 1146 2041 naturali
1160 1989 1434 2054 fiduciario
1456 1993 1617 2055 patri,
1642 1990 1738 2041 boc
1762 2007 1917 2055 apere
1941 1991 2091 2041 debet
2114 1999 2262 2041 natu-

321 2062 451 2108 ralis
469 2064 640 2124 pater,
664 2066 719 2109 ut
742 2061 792 2109 ei
812 2076 846 2109 a
862 2060 1135 2121 fiduciario
1153 2066 1311 2122 patre
1329 2061 1720 2122 remancipetur‚
1745 2068 1795 2109 et
1815 2075 1848 2108 a
1866 2060 2091 2108 naturali
2105 2066 2262 2121 patre

321 2129 714 2186 manumittatur,
750 2134 806 2177 ut
836 2129 884 2176 si
915 2129 1049 2189 fitius
1081 2128 1166 2177 ille
1191 2133 1416 2175 mortuus
1443 2125 1624 2189 fuerit,
1660 2127 1709 2176 ei
1729 2128 1783 2175 in
1806 2127 2089 2177 hereditate
2114 2134 2262 2175 natu-

321 2196 450 2243 ralis
471 2202 642 2257 pater,
679 2210 780 2244 non
797 2195 1114 2256 fiduciarius,
1140 2195 1405 2258 succedat.
1452 2194 1692 2244 Feminae
1716 2197 1801 2244 uel
1822 2201 2033 2257 nepotes
2056 2196 2266 2244 masculi

323 2277 393 2310 ex
420 2263 529 2323 filio
552 2278 655 2310 una
679 2262 1082 2324 emancipatione
1106 2262 1171 2311 de
1194 2263 1364 2324 patris
1398 2263 1482 2310 uel
1505 2264 1592 2311 aui
1614 2268 1803 2313 exeunt
1825 2268 2082 2325 potestate
2108 2267 2159 2309 et
2182 2264 2267 2310 sui

323 2330 450 2377 iuris
483 2328 790 2390 efficiuntur.
850 2328 921 2377 Et
954 2329 1008 2378 tu·
1037 2330 1140 2392 ipsi
1171 2328 1438 2394 quamlibet
1473 2345 1573 2379 una
1606 2330 1979 2393 mancipatione
2002 2331 2066 2380 de
2086 2335 2265 2393 patris

322 2392 407 2445 uel
430 2397 518 2444 aui
536 2403 793 2460 potestate
819 2404 1026 2457 exeant,
1060 2399 1160 2446 nisi
1181 2414 1214 2445 a
1235 2402 1391 2461 patre
1410 2399 1683 2459 fiduciario
1708 2398 2046 2461 remancipati
2061 2397 2264 2458 fuerint

323 2469 374 2513 et
407 2481 438 2512 a
472 2466 697 2514 naturali
728 2470 880 2526 patre
912 2466 1216 2528 manumissi,
1259 2466 1537 2515 succedere
1571 2466 1646 2515 eis
1680 2466 1931 2514 naturalis
1966 2470 2126 2528 pater
2159 2480 2263 2513 non

320 2538 512 2595 potest,
540 2534 641 2582 nisi
654 2532 975 2594 fiduciarius,
1001 2549 1034 2582 a
1059 2547 1155 2598 quo
1175 2534 1464 2582 manumissi
1476 2541 1611 2582 sunt.
1656 2534 1784 2581 Nam
1803 2533 1851 2581 si
1866 2534 2262 2596 remancipatam

323 2615 430 2649 eum
452 2600 552 2650 sibi
574 2597 825 2650 naturalis
845 2606 1001 2663 pater
1023 2603 1106 2649 uet
1127 2615 1254 2650 auus
1277 2602 1634 2661 manumiserit,
1666 2602 1777 2664 ipse
1802 2601 1877 2649 eis
1899 2600 1953 2649 in
1975 2600 2261 2649 hereditate

322 2668 550 2716 succedit
564 2670 598 2715 '.
637 2666 718 2727 Of.
745 2661 798 2731 3.
825 2676 865 2715 6.
902 2668 955 2716 Ι.
980 2668 1113 2732 quib.
1146 2669 1279 2719 mod.
1314 2669 1393 2717 ius
1423 2673 1533 2731 pot.
1565 2670 1712 2731 soto„
1747 2666 1884 2717 verb.
1926 2666 2021 2715 ‘Et
2045 2673 2165 2717 tunc
2188 2683 2263 2719 ex

323 2734 491 2782 edicto
515 2734 789 2783 Praetoris
813 2731 929 2783 etc!
1001 2733 1044 2796 ²)
1073 2737 1173 2783 Est
1196 2733 1248 2797 3.
1271 2744 1314 2783 7.
1340 2735 1375 2783 I
1378 2770 1391 2784 .
1417 2736 1466 2785 lt.
1494 2742 1528 2785 t.
1557 2736 1622 2785 L.
1642 2745 1710 2785 28.
1746 2736 1811 2783 D.
1839 2736 1903 2784 de
1928 2736 2105 2797 adopt.
2132 2732 2193 2799 (1,
2213 2736 2260 2796 ⁸¹1)

323 2818 356 2851 a
385 2801 597 2852 Goesch.
633 2807 773 2851 recte
797 2801 845 2855 b.
871 2806 902 2851 t.
926 2804 1116 2865 posita.
1155 2802 1289 2851 Mttzz·
1308 2808 1474 2852 tamen
1505 2804 1821 2853 verisimilius
1854 2804 2006 2853 visum
2031 2810 2128 2864 est,
2162 2804 2263 2853 ini·

323 2872 441 2918 tium
476 2864 535 2935 31·
565 2870 619 2918 in
643 2869 919 2919 Iustiniani
948 2869 1084 2918 Inst.
1114 2870 1319 2931 fidelius
1352 2886 1499 2935 quam
1530 2872 1583 2920 in
1606 2872 1724 2934 Diq-
1752 2886 1823 2919 eae
1849 2870 1977 2919 Gaio
2012 2876 2264 2920 transum-

318 2943 460 3000 ptum
485 2952 627 2994 esse,-
650 2938 784 2987 unde
806 2953 877 2987 ex
899 2938 1000 2987 illis
1023 2938 1239 2987 restitui.
1280 2937 1541 2988 ‘Liberum
1560 2938 1823 2987 arbitrium
1846 2945 1925 2987 est
1948 2940 1999 2987 ei
2011 2942 2026 2966 ’
2053 2940 2134 2989 ed.
2159 2937 2260 3002 By,

324 3005 435 3054 Nec
469 3005 750 3069 quicquam,
793 3007 842 3054 si
870 3007 1171 3055 sententiam
1200 3012 1426 3069 spectas,
1459 3008 1595 3055 inter
1624 3006 1751 3055 baec
1785 3015 1835 3055 et
1871 3020 1951 3068 ea,
1986 3021 2115 3071 quae
2149 3014 2257 3056 not.

323 3072 559 3121 anteced.
582 3073 877 3136 siynificavi‚
900 3074 1158 3123 interiisse
1183 3075 1399 3124 videtur.
1502 3070 1546 3135 3)
1572 3073 1779 3122 Initium
1813 3073 1908 3123 boc
1944 3075 2264 3137 deperditum

325 3155 396 3188 ex
425 3139 704 3189 Goesclzeni
721 3140 839 3202 sere
862 3141 1185 3190 restitutione
1219 3142 1291 3191 ad
1320 3154 1524 3190 sensum*
1543 3142 1985 3194 demonstrandum
2007 3143 2261 3206 supplevi.

327 3208 467 3256 Nihil
497 3208 624 3256 enim
658 3208 793 3256 inter
823 3208 954 3257 lianc
988 3202 1042 3273 3.
1077 3213 1128 3258 et
1162 3218 1251 3259 133.
1288 3209 1623 3269 intercidisse,
1664 3223 1735 3257 ex
1769 3203 1863 3274 33.
1892 3218 1933 3257 ’1.
1957 3218 1998 3259 8.
2046 3208 2096 3259 Ι.
2124 3209 2260 3274 quib.

324 3276 454 3324 mod.
480 3274 518 3323 i.
540 3280 651 3338 pot.
675 3278 798 3325 sotv.
825 3278 887 3338 (1,
914 3274 983 3339 12)
1010 3283 1251 3342 apparet.

601 3380 733 3387 ῥ-

460 3424 514 3494 §.
545 3430 660 3479 134.
697 3429 779 3490 Cf.
817 3430 1035 3478 maxime
1054 3429 1203 3478 Ptin.
1229 3443 1311 3492 ep.
1334 3437 1376 3488 8,
1412 3438 1478 3477 18.
1506 3423 1560 3493 3.
1584 3438 1627 3479 4.
1656 3436 1937 3491 praeterea
1972 3428 2099 3478 Gett.
2125 3438 2166 3489 5,
2192 3441 2260 3482 19.

327 3493 468 3547 Suet.·
496 3494 603 3546 Oct.
629 3506 696 3551 64.
735 3497 837 3548 Cic.
867 3498 930 3546 de
948 3498 1039 3559 fin.
1070 3508 1111 3555 1,
1137 3506 1176 3545 7.
1220 3495 1429 3545 Tertutt.
1453 3498 1591 3559 apol.
1617 3506 1661 3546 9.
1700 3495 1763 3550 L.
1790 3499 1878 3546 ult.
1919 3495 1973 3545 G.
1996 3497 2060 3545 de
2078 3498 2261 3561 adopt.

328 3561 391 3623 (8,
417 3558 512 3625 48).
540 3559 594 3626 3.
623 3574 662 3613 8.
699 3564 749 3613 I.
775 3572 813 3614 t.
838 3579 883 3615 c.
911 3562 973 3628 (1,
1000 3560 1086 3628 12).
