2546 3928
388 180 466 236 18
1259 192 1440 230 GAlvs.

384 315 620 365 ratione·
649 315 820 379 tertii,
868 314 926 362 in
974 329 1081 377 quo
1127 315 1174 374 ξ.
1217 315 1331 367 100.
1380 313 1498 377 ipse
1542 312 1810 363 rationem
1863 311 2061 377 placiti
2116 311 2319 372 reddit,

380 382 533 445 quod
578 384 783 446 2,=23·2.
839 397 947 432 non
1002 382 1247 446 pretiosa
1302 382 1518 430 ratione
1572 386 1856 444 receptum
1912 394 2033 430 esse
2086 379 2319 429 dixerat.

381 449 602 500 Deinde
651 449 819 499 etiam
875 448 1142 513 quasdam
1193 448 1476 509 materias,
1522 445 1676 496 velut
1733 449 1788 496 in
1843 448 1961 497 iure
2017 447 2316 498 cessionem

383 517 715 568 hereditatis
770 521 827 566 et
877 517 1141 566 bonorum
1195 515 1621 580 possessionem,
1679 530 1819 578 quae
1872 515 1989 565 sine
2050 530 2108 564 re
2161 514 2320 564 datur

385 583 563 647 (illam
600 587 648 645 2,
687 586 929 635 35-37.
969 588 1026 633 et
1061 586 1112 642 3,
1149 585 1217 635 85
1243 611 1280 618 -
1304 582 1571 632 87.'hanc
1606 586 1656 645 2,
1701 584 1840 632 151³.
1877 588 1935 633 et
1970 585 2019 644 3,
2058 584 2317 643 35-37)‚

385 652 470 701 bis
508 658 564 702 et
601 656 814 702 tantum
849 667 958 702 non
994 651 1192 700 iisdem
1228 651 1417 700 verbis
1456 651 1575 699 sine
1613 650 1780 700 dubio
1808 665 1917 700 non
1945 649 2321 714 explicuisset,

387 718 483 768 sed
520 735 652 780 rem,
698 724 762 770 ut
795 717 936 769 alias
982 718 1171 768 facere
1216 717 1370 780 solet,
1417 716 1747 767 remittendo
1795 716 2055 768 lectorem
2102 717 2321 793 expedi-

382 787 541 849 isset,
586 787 698 836 nisi
736 802 857 836 cum
894 790 1092 851 postea
1139 786 1327 850 aptius
1371 785 1518 835 hanc
1561 785 1851 835 materiam
1887 785 1944 833 in
1982 800 2174 834 comm.
2215 785 2313 834 ΙΙΙ.
2344 782 2445 852 [96]

385 854 531 904 tradi
570 852 960 915 intellexisset,
1006 854 1116 903 iam
1151 853 1409 903 manibus
1448 851 1670 917 elapsus
1708 857 1858 902 esset
1894 867 2083 902 comm.
2119 852 2214 914 11.,
2257 858 2318 901 ut

384 922 660 987 corrigere
708 937 829 972 eum
877 937 987 972 non
1023 926 1226 986 posset.
1297 920 1553 984 Denique
1590 923 1639 981 3,
1675 918 1758 970 56.
1794 935 1907 969 rem
1949 922 1997 984 1,
2035 922 2117 969 22.
2158 935 2317 984 expo-

388 989 553 1039 sitam
600 993 716 1039 tam
761 989 913 1050 late,
950 989 1059 1039 imo
1106 989 1279 1038 latius
1334 987 1555 1053 repetit,
1600 1002 1763 1052 quam
1807 1002 1917 1037 non
1964 991 2185 1052 poterat
2236 988 2318 1036 ita

388 1057 657 1118 scribens,
693 1061 757 1105 ut
779 1057 1031 1107 lectora
1065 1057 1240 1122 primo
1268 1055 1661 1105 commentario
1686 1069 1897 1115 recenS,
1933 1055 2025 1106 vel
2056 1054 2151 1119 qui
2187 1069 2318 1104 eun·

386 1120 512 1174 dem
550 1128 701 1174 certe
739 1124 994 1175 manibus
1030 1128 1266 1186 teneret,
1305 1129 1435 1172 ante
1473 1120 1665 1173 oculos
1701 1122 1752 1172 ei
1790 1128 2125 1173 versaretur.

488 1193 598 1245 Tot
639 1207 774 1242 vero
823 1191 1104 1256 tantisque
1158 1190 1290 1241 libri
1332 1190 1632 1240 virtutibus
1678 1190 1846 1239 etiam
1900 1204 2191 1240 successus
2235 1204 2317 1238 re-

389 1259 631 1322 spondit.
724 1259 831 1310 Per
884 1258 1029 1308 liunc
1084 1259 1259 1311 Gaius
1315 1258 1478 1323 quasi
1539 1261 1867 1322 perpetuum
1924 1256 2322 1308 initiandorum

385 1325 684 1376 'l'hemidos
731 1327 1079 1377 sacerdotum
1127 1340 1322 1376 munus
1360 1325 1597 1389 adeptus
1631 1330 1717 1374 est
1755 1329 1829 1388 et,
1870 1324 1995 1373 dum
2032 1325 2187 1374 stetit
2222 1326 2319 1373 im·

389 1394 598 1457 perium
634 1392 956 1453 Romanum,
993 1395 1240 1446 retinuit.
1311 1391 1477 1443 Multi
1509 1393 1733 1442 maximi
1768 1391 2001 1442 nominis
2035 1391 2161 1442 ICti
2198 1396 2350 1442 eum*

387 1467 579 1526 aperte
625 1462 829 1512 imitati
873 1461 964 1512 vel
1010 1468 1162 1513 tecte
1210 1461 1281 1511 ab
1330 1475 1395 1510 eo
1441 1461 1679 1510 mutuati
1723 1466 1868 1510 sunt.
1962 1455 2321 1510 Grammatici

386 1544 600 1594 quoque
647 1544 714 1579 ex
759 1529 867 1580 hoc
901 1531 1201 1596 praecipue
1248 1529 1407 1590 libro,
1453 1542 1594 1593 quae
1642 1527 1715 1577 ad
1751 1528 1836 1576 ius
1873 1527 2040 1577 civile
2084 1528 2320 1593 pertine-

385 1601 520 1658 rent,
560 1598 859 1661 petierunt.
927 1599 1144 1649 Ruente
1181 1612 1314 1648 vero
1351 1595 1579 1661 imperio
1617 1600 1728 1645 tam
1764 1594 2140 1645 occidentales
2175 1594 2320 1645 Visi-

386 1663 543 1728 gothi
577 1664 634 1713 in
671 1665 948 1715 breviario
982 1664 1305 1714 Alariciano
1342 1661 1557 1726 Gaium,
1601 1667 1664 1712 ut
1701 1663 1847 1712 ferre
1886 1677 2007 1712 eum
2044 1667 2324 1727 poterant,

386 1733 574 1781 rursus
611 1730 816 1781 scholis
851 1732 967 1781 suis
998 1731 1407 1794 praefecerunt,
1448 1744 1610 1793 quam
1635 1729 1692 1778 in
1718 1729 1927 1780 oriente
1952 1730 2318 1789 lastinianus»,

381 1799 508 1848 dum
553 1814 725 1848 novas
777 1802 942 1862 parat
976 1797 1386 1857 Institutiones‚
1431 1797 1666 1846 maxime
1703 1796 1951 1847 Gaianas
1998 1812 2118 1848 cum
2156 1797 2325 1848 rebus

384 1865 742 1930 quotidianis,
781 1882 848 1916 ex
886 1865 1083 1929 quibus
1120 1871 1176 1915 et
1212 1865 1332 1929 ipse
1369 1864 1454 1913 ius
1491 1862 1777 1925 didicerat,
1814 1880 1941 1914 suas
1980 1866 2131 1927 fecit,
2170 1865 2325 1914 unde

385 1949 507 1984 eum
544 1933 744 1985 Gaium
780 1936 1089 1984 ‘nostrum’
1131 1930 1417 1998 appellare
1456 1930 1720 2000 (prooem.
1756 1933 1799 1987 1.
1836 1934 1883 1994 ἕ.
1908 1933 1955 1989 6,
1994 1935 2040 1994 ξ.
2078 1935 2125 1983 5.
2161 1932 2207 1982 Ι.
2249 1933 2324 1983 de

383 2002 536 2068 publ.
574 2001 687 2051 iud.
722 2005 773 2063 4,
816 2003 896 2053 18.
937 2005 1112 2052 const.
1149 2001 1374 2051 Omnem
1413 2002 1550 2064 reip.
1588 2002 1635 2060 §-
1677 1997 1747 2064 1.)
1795 2016 1930 2051 sane
1963 2001 2170 2049 -mirum
2207 2015 2324 2051 non

385 2074 486 2120 est.
556 2071 646 2120 Ita
690 2084 822 2120 vero
868 2068 1059 2132 Gaius,
1105 2069 1216 2119 alio
1260 2068 1399 2117 licet
1444 2068 1544 2117 sub
1592 2068 1807 2118 nomine
1858 2073 1914 2119 et
1957 2068 2324 2118 multifariam,

383 2136 722 2187 deformatus
760 2138 934 2187 totius
972 2137 1189 2201 generis
1225 2135 1451 2185 humani
1487 2136 1754 2200 magister
1787 2136 1845 2185 in
1883 2137 1999 2186 iure
2038 2135 2198 2186 civili
2235 2136 2322 2186 fa·

385 2207 508 2253 ctus
557 2207 660 2255 est.
749 2203 860 2253 Sed
907 2204 1052 2254 sicut
1099 2218 1347 2268 gemmae
1396 2203 1676 2267 ingenitus
1719 2203 1865 2267 ignis
1911 2219 2015 2253 nec
2061 2204 2324 2268 extingui

385 2270 697 2336 longo‚situ
746 2287 811 2322 ac
846 2270 1068 2336 pulvere
1115 2285 1219 2321 nec
1253 2276 1521 2335 perpetuo
1566 2286 1599 2334 a
1647 2276 1888 2335 cognata
1923 2269 2043 2321 luce
2082 2286 2325 2335 praepe-

383 2337 488 2387 diri
533 2343 733 2403 potest,
778 2340 861 2389 ita
905 2347 1093 2389 nostra
1139 2343 1327 2388 aetate
1375 2338 1544 2386 etiam
1591 2338 1864 2402 genuinae
1913 2336 2043 2387 Gaii
2085 2339 2327 2389 Institu-

384 2406 566 2455 tiones
613 2421 642 2455 e
688 2408 983 2457 multorum
1030 2406 1340 2456 seculorum
1393 2404 1673 2457 oblivione
1721 2406 2090 2456 resuscitatae
2137 2406 2325 2456 denuo

385 2472 825 2523 efficacissimum
876 2474 1107 2524 acrioris
1154 2471 1325 2523 studii
1370 2488 1436 2523 ac
1481 2473 1771 2538 penitioris
1817 2473 1951 2524 iuris
1997 2473 2183 2525 civilis
2231 2490 2325 2525 co·

384 2540 652 2605 gnitionis
691 2542 1016 2592 fermentum
1055 2556 1303 2592 evasere.

486 2605 614 2657 Gaii
671 2609 1055 2660 Institutiones
1114 2610 1281 2659 unico
1344 2608 1527 2659 codice
1584 2608 1895 2658 Veronensi
1952 2608 2323 2673 palimpsesto

384 2680 639 2726 servatas
683 2690 828 2738 esse,
884 2677 1154 2728 Niebuhri
1198 2677 1393 2726 merito
1441 2692 1475 2725 a
1522 2676 1652 2726 1816
1698 2676 1925 2727 invento
1982 2682 2037 2726 et
2092 2692 2126 2725 a
2173 2674 2320 2725 Goe-

383 2743 608 2805 schen0,
644 2749 924 2809 assumpto
963 2746 1114 2795 socio
1143 2744 1477 2809 Hollwegio,
1516 2757 1659 2793 anno
1683 2743 2008 2807 insequente
2034 2758 2324 2808 nunquam

384 2811 520 2861 satis
557 2809 834 2861 laudando
874 2812 1055 2863 studio
1091 2813 1451 2877 transcripto,
1498 2811 1555 2859 in
1591 2810 1790 2875 vulgus
1827 2814 2015 2861 notum
2054 2816 2159 2861 est.
2231 2811 2325 2861 De

382 2882 568 2927 aetate
605 2878 767 2928 huius
806 2880 1010 2929 codicis
1056 2880 1178 2945 ipse
1214 2879 1532 2930 Niebuhrus
1579 2882 1635 2927 et
1679 2888 1871 2943 postea
1908 2878 2027 2938 Ulr.
2062 2879 2328 2943 Koppius

385 2946 684 3006 (Zeitschr.
721 2946 760 2995 f.
797 2946 991 3012 gesch.
1025 2946 1160 2997 RW.
1196 2948 1289 2997 IV.
1324 2944 1485 3009 473),
1529 2960 1639 2996 non
1684 2945 1858 2996 videri
1895 2960 2017 2995 eum
2063 2951 2189 3010 post
2227 2947 2326 2995 Iu-

384 3014 681 3063 stinianum
720 3015 979 3080 scriptum
1005 3030 1148 3080 esse,
1185 3014 1595 3073 iudicaverunt3
1636 3013 1775 3077 quod
1812 3018 1873 3063 ut
1908 3014 2181 3066 rationem
2218 3013 2326 3063 ha-

363 3082 493 3144 'bet,
539 3082 623 3132 ita
659 3087 844 3133 tamen
890 3083 1198 3133 addendum
1242 3086 1348 3144 est,
1394 3097 1499 3131 nec
1546 3079 1715 3131 multo
1756 3085 1885 3131 ante
1933 3082 2196 3146 scriptum
2233 3083 2326 3132 vi-

383 3149 528 3207 deri3
566 3148 621 3198 id
660 3150 805 3200 enim
831 3151 1109 3217 glossema
1146 3150 1355 3201 evincit
1392 3148 1569 3199 adhuc
1603 3164 1713 3199 non
1748 3146 2134 3209 observatum,i
2172 3150 2325 3212 quod

524 3335 560 3401 ¹)
597 3338 730 3387 Nulla
758 3347 921 3388 contra
948 3340 1132 3388 ratione
1158 3337 1475 3398 Boeckingius
1499 3336 1557 3385 ad
1581 3346 1620 3393 3.
1652 3344 1738 3389 198.
1768 3345 1936 3386 notans
1967 3332 2101 3401 [edd.
2130 3345 2155 3385 3
2183 3344 2226 3383 et
2252 3334 2328 3401 4.]

377 3407 615 3464 glossema
653 3406 720 3455 ibi
756 3406 1107 3471 deprehendere
1141 3406 1231 3455 sibi
1271 3405 1399 3454 visus
1437 3411 1521 3459 est,
1558 3412 1777 3468 respectu
1815 3406 1867 3454 L.
1902 3414 1971 3456 20.
2007 3405 2061 3455 C.
2093 3404 2150 3453 de
2177 3404 2330 3453 furtis

384 3473 442 3534 (6,
469 3472 515 3535 2)
544 3476 828 3524 confectum.
879 3480 895 3506 ‘
911 3476 1160 3525 Probatum
1186 3475 1287 3523 est'
1322 3488 1381 3521 ne
1404 3479 1557 3537 potest
1580 3473 1768 3535 quidem
1793 3472 1920 3523 aliud
1945 3473 2219 3533 significare
2248 3481 2329 3521 at-

375 3556 470 3602 que
495 3543 623 3606 quod
648 3551 753 3607 post
777 3544 949 3593 dicitur
975 3546 1287 3606 ‘responsum
1314 3548 1357 3589 et
1381 3541 1678 3591 iudicatum’.
