2546 3928
305 1756 382 1802 62.

408 249 481 303 74
992 262 1108 297 Gan
1148 261 1344 297 msrz'r.
1386 249 1454 297 11.
1495 250 1730 333 2·8—3·2.
2473 63 2509 219 1

403 389 599 444 Italici
638 390 747 444 soli
777 381 1119 459 proprium¹
1169 397 1176 448 Ι
1223 404 1377 458 esse,
1433 387 1780 461 prouincialis
1834 386 1936 442 soli
1981 402 2181 443 nexum
2227 404 2337 443 non

399 473 575 537 ’esse;
617 476 826 545 recipit
858 476 1005 529 enim
1048 466 1271 528 neoeus¹
1308 481 1320 533 t
1351 471 1799 545 significationem
1830 471 2006 526 solum
2038 487 2150 526 non
2183 472 2342 527 aliter

400 558 588 630 'quam
621 550 704 613 si¹
752 557 973 629 mancipi
1018 548 1167 629 ’est,¹
1216 555 1551 629 prouinciale
1584 551 1761 611 ιιενοι
1806 571 1904 610 nec
1936 557 2168 628 mancipi
2211 556 2334 612 ’esl.

403 644 578 698 solum
623 658 754 697 uero
795 642 1147 714 prouinciale,
1189 649 1196 700 l
1230 642 1384 714 quod
1422 642 1505 694 ius
1539 638 1821 706 Quiritium
1850 641 2032 711 habet,
2078 643 2188 696 soli
2215 641 2337 696 Ita·

402 730 502 782 lici
528 729 654 782 loco
687 733 788 797 est,
819 724 1062 796 proinde
1094 727 1398 798 mancipari
1431 739 1655 798 quoque
1682 718 1927 794 potest.²

526 808 622 866 28.
671 808 1041 882 Incorporales
1089 806 1221 884 (res)
1273 808 1614 864 traditionem
1667 825 1772 862 non
1815 810 2054 882 recipere
2108 809 2336 864 manife-

401 904 544 958 stum
578 902 677 950 est.
768 890 862 950 29.
911 893 1015 949 Sed
1057 895 1175 950 iura
1216 893 1559 966 praediorum
1602 891 1931 947 urbanorum
1973 893 2026 946 in
2068 894 2188 947 iure
2218 900 2338 948 tan·

403 988 516 1035 tum
562 979 679 1034 cedi
724 986 978 1050 possunt;
1025 980 1355 1033 rusticorum
1399 994 1528 1032 uero
1572 978 1731 1031 ctiam
1763 978 2051 1049 mancipari
2081 986 2334 1049 possunt.

400 1058 498 1119 30.
551 1061 900 1117 Usussructus
932 1063 985 1116 in
1016 1063 1132 1116 iure
1176 1063 1476 1116 cessionem
1511 1068 1717 1115 tantum
1750 1062 1966 1134 recipit:
2013 1077 2130 1114 nam
2165 1061 2338 1116 domi-

401 1164 501 1201 nus
533 1147 881 1218 proprietatis
912 1146 996 1200 alii
1032 1145 1424 1201 usumfructum
1455 1147 1509 1199 in
1538 1147 1655 1200 iure
1687 1146 1876 1200 cedere
1908 1152 2111 1217 potest,
2152 1153 2214 1199 ut
2248 1146 2339 1201 ille

404 1230 798 1286 usumfructum
853 1228 1042 1285 habeat
1095 1239 1149 1284 et
1199 1231 1317 1302 ipse
1367 1229 1560 1284 nudam
1621 1230 2007 1302 proprietatem
2069 1234 2340 1286 retineat.

404 1318 519 1388 ipse
551 1314 984 1370 usufructuarius
1016 1315 1067 1368 in
1100 1314 1218 1369 iure
1251 1313 1489 1368 cedendo
1522 1314 1739 1368 domino
1772 1315 2119 1386 proprietatis
2153 1331 2339 1369 usum-

403 1401 657 1467 fructum,
703 1399 901 1471 efficit‚
947 1406 1004 1453 ut
1047 1415 1075 1452 a
1116 1415 1174 1453 se
1207 1396 1443 1453 discedat
1477 1406 1528 1451 et
1561 1406 1914 1453 conuertatur
1947 1399 2001 1452 in
2033 1400 2338 1471 proprieta-

387 1493 536 1546 .tein;
583 1484 670 1538 alii
702 1499 833 1538 uero
879 1485 933 1538 in
977 1484 1093 1538 iure
1125 1481 1367 1539 cedendo
1413 1481 1762 1536 nihilominus
1806 1483 1886 1536 ius
1920 1499 2076 1537 suum
2108 1485 2336 1538 retinet:

402 1568 642 1624 creditur
683 1569 823 1623 enim
868 1569 1216 1623 eascessione
1249 1567 1382 1621 nihil
1421 1567 1525 1639 agi.
1615 1561 1702 1623 31.
1751 1565 1856 1620 Sed
1888 1567 2016 1621 haec
2047 1567 2250 1622 scilicet
2285 1569 2337 1621 in

403 1652 592 1707 Italicis
636 1652 869 1726 praediis
900 1653 970 1707 ita
1003 1660 1151 1722 sunt,
1196 1653 1317 1723 quia
1351 1660 1405 1705 et
1446 1651 1560 1723 ipsa
1592 1649 1804 1722 praedia
1838 1651 2290 1723 mancipationem
2325 1654 2328 1693 :
2358 1664 2371 1716 ζ
2381 1665 2471 1718 154]

404 1745 456 1790 et
486 1737 541 1789 in
572 1737 687 1789 iure
710 1737 1008 1790 cessionem
1033 1735 1330 1805 recipiunt.
1377 1734 1617 1807 alioquin
1648 1735 1700 1788 iu
1733 1734 2148 1806 prouincialibus
2182 1748 2339 1807 prae-

402 1819 502 1872 diis
534 1819 649 1873 siue
683 1823 803 1889 quis
829 1818 1223 1874 usumfructum
1255 1819 1372 1872 siue
1404 1819 1486 1872 ius
1520 1818 1701 1888 eundi,
1735 1819 1927 1891 agendi
1952 1835 2214 1892 aquamue
2238 1818 2340 1873 du-

402 1903 555 1958 cendi
598 1903 685 1957 uel
730 1902 888 1958 altius
921 1902 1147 1958 tollendi
1190 1902 1347 1957 aedes
1379 1911 1469 1956 aut
1501 1919 1612 1957 non
1645 1901 1890 1972 tollendi,
1933 1919 2000 1958 ne
2043 1902 2338 1958 luminibus

403 1990 562 2044 uicini
608 1986 896 2058 officiatur,
941 1997 1224 2061 ceteraque
1267 1983 1458 2042 similia
1505 1988 1620 2042 iura
1650 1989 1982 2043 constituere
2015 1988 2169 2059 uelit,
2216 2004 2337 2062 pac·

403 2073 638 2129 tionibus
672 2083 725 2129 et
757 2072 1194 2146 stipulationibus
1225 2072 1279 2127 id
1312 2071 1528 2127 efficere
1561 2081 1777 2144 potest3
1818 2073 1940 2145 quia
1970 2089 2038 2127 ne
2069 2074 2188 2145 ipsa
2221 2076 2338 2145 qui-

402 2157 520 2212 dem
554 2158 769 2230 praedia
801 2158 1251 2230 mancipationem
1286 2163 1378 2210 aut
1413 2153 1510 2227 (in)
1545 2158 1663 2211 iure
1695 2158 1995 2212 cessionem
2027 2157 2336 2229 'recipiunt.

401 2237 498 2296 32.
551 2233 686 2295 Set3
740 2257 859 2295 cum
908 2240 1250 2295 ususfructus
1295 2249 1348 2295 et
1392 2242 1670 2296 hominum
1712 2250 1765 2296 et
1800 2249 2109 2297 ceterorum
2140 2243 2341 2296 anima-

540 2437 576 2498 ¹)
613 2439 764 2487 Haec
798 2440 960 2488 omnia
999 2438 1207 2489 Goeselz.
1245 2442 1597 2502 supplementa
1631 2447 1748 2488 sunt
1782 2455 1814 2487 α
1845 2455 1919 2488 me
1954 2441 2004 2488 in
2040 2445 2340 2489 contextum

399 2514 627 2571 recepta,
666 2523 875 2571 quorum
897 2508 1107 2570 primum
1133 2511 1324 2554 tantum
1345 2508 1517 2569 paullo
1544 2509 1805 2556 immutavi.
1899 2504 1942 2569 ²)
1980 2507 2118 2556 Edd.
2146 2515 2340 2556 tantum

400 2574 585 2623 habent
619 2590 764 2626 voces
801 2576 925 2624 enim
961 2590 1088 2630 uere,
1122 2575 1387 2637 prouincia,
1439 2575 1496 2622 de
1534 2577 1750 2637 mancipa
1786 2572 1998 2639 (mancip
2035 2590 2219 2624 errore
2254 2576 2336 2626 ed.

402 2641 545 2703 Ba),
581 2658 650 2691 eae
687 2642 859 2705 quibus
896 2644 1136 2691 enimuero
1171 2643 1448 2690 certissime
1486 2641 1728 2690 Gaianum
1759 2657 1860 2691 non
1893 2648 1985 2690 est.
2035 2642 2232 2690 lterum
2262 2643 2338 2690 in-

399 2710 589 2769 spectis
608 2708 825 2757 Schedia
848 2708 1094 2771 scriptum
1115 2708 1282 2769 fuisse
1306 2716 1502 2759 statuo:
1531 2717 1600 2757 est
1618 2710 1767 2757 solum
1789 2724 1902 2758 uero
1922 2710 2161 2772 puinciale
2188 2727 2234 2773 q.
2264 2713 2338 2758 ius

400 2776 444 2837 (ἶ.
472 2777 613 2825 habet
636 2777 722 2825 soli
753 2777 900 2825 italici
936 2778 1041 2824 loco
1068 2779 1095 2825 ἓ
1121 2778 1228 2839 ῐῖιᾶε
1256 2776 1517 2839 mancipari
1544 2792 1618 2840 qq.
1647 2777 1689 2839 β.
1739 2777 1924 2826 Priore
1950 2778 2031 2825 ed.
2061 2778 2335 2826 dederam:

400 2844 548 2893 habet
575 2844 750 2893 Italici
780 2845 888 2894 loeo
915 2850 991 2892 est
1026 2851 1075 2892 et
1098 2845 1315 2907 proinde
1341 2845 1608 2907 mancipari
1636 2850 1821 2906 potest.
1926 2841 1968 2907 ³)
2008 2846 2260 2907 recipiunt'
2290 2854 2339 2892 et

406 2911 457 2963 C.
482 2913 733 2974 recipiunt.
774 2911 831 2959 Et
855 2913 936 2961 ed.
963 2909 1062 2976 By.

401 3076 608 3125 quaero,
635 3065 799 3110 sintne
821 3065 920 3111 ista
943 3065 1166 3126 praedia
1185 3069 1361 3112 censui
1377 3064 1660 3113 censendo:
1686 3062 1906 3113 habeant
1924 3066 2003 3113 ius·
2021 3065 2194 3113 civile:
2219 3067 2340 3115 sint.

399 3144 554 3178 necne
587 3131 692 3176 sinc
727 3127 988 3192 mancipi’.
1026 3130 1195 3179 Notae
1230 3132 1383 3180 iurid.
1423 3130 1487 3178 L.
1527 3131 1578 3180 I.
1609 3128 1664 3188 Q.
1702 3150 1768 3170 =
1804 3132 1974 3181 Locus
1998 3131 2143 3180 Iuris
2168 3129 2341 3190 Quiri-

399 3198 542 3249 tium,·
571 3197 633 3244 L.
663 3195 710 3244 Ι.
744 3196 787 3247 I.
819 3195 873 3255 Q.
900 3217 966 3236 =
992 3198 1162 3246 Locus
1184 3199 1402 3248 Italicus
1431 3198 1566 3247 Iuris
1593 3196 1867 3256 Quiritium.
1907 3198 1987 3259 Cf.
2016 3199 2270 3249 Zeitsclzr.
2293 3200 2338 3256 f.

394 3264 564 3327 yesclz.
594 3263 737 3312 RW.
766 3264 832 3312 X.
862 3281 912 3327 p.
936 3274 1001 3313 59.
1041 3265 1192 3314 solum
1220 3262 1351 3331 uero]
1379 3266 1458 3326 Cf.
1488 3265 1683 3316 Sozom.
1708 3266 1822 3318 hist.
1849 3269 1967 3315 eccl.
1997 3276 2037 3326 7,
2066 3276 2105 3319 9.
2178 3263 2228 3332 ξ.
2258 3269 2343 3316 28.

402 3332 478 3393 Cf.
506 3332 568 3380 L.
596 3342 662 3381 43.
696 3330 748 3394 3.
773 3344 810 3384 1.
853 3332 919 3380 D.
948 3333 1010 3381 de
1036 3348 1148 3396 aeq.
1178 3348 1282 3386 rer.
1310 3335 1436 3382 dom.
1468 3334 1554 3394 (41,
1578 3333 1635 3391 1).
1663 3348 1824 3396 supra
1851 3331 1903 3397 S.
1929 3343 1992 3382 19.
2063 3330 2112 3401 ἓ.
2140 3335 2221 3384 29.
2254 3333 2339 3395 Cf.

399 3399 450 3462 S.
478 3411 541 3449 17.
587 3401 646 3452 L.
671 3410 735 3451 39.
775 3399 835 3447 D.
868 3400 930 3448 de
955 3415 1084 3449 serv.
1108 3416 1195 3462 pr.
1224 3402 1334 3453 urb.
1362 3399 1425 3464 (8,
1451 3398 1518 3464 2).
1608 3399 1659 3466 ξ.
1684 3403 1765 3450 30.
1797 3400 1874 3461 Cf.
1901 3401 1989 3453 Fr.
2025 3401 2146 3454 Vat.
2169 3411 2237 3451 45.
2266 3412 2337 3453 48.

398 3478 462 3515 54.
489 3477 537 3516 75
564 3466 647 3529 (3).
689 3468 805 3530 Ulp.
824 3478 891 3529 19,
914 3479 978 3520 11.
1014 3468 1156 3529 infra
1183 3465 1237 3530 S.
1257 3478 1323 3516 33.
1357 3467 1410 3530 3.
1430 3478 1471 3517 a.
1511 3468 1562 3515 l.
1590 3469 1653 3517 de
1679 3467 1842 3529 usufr.
1873 3467 1934 3529 (2,
1954 3473 2018 3528 4)-
2056 3470 2205 3517 Paul.
2234 3480 2277 3527 3,
2298 3480 2341 3521 6.

306 3582 311 3587 .
402 3532 454 3593 S.
479 3545 543 3582 32.
614 3531 665 3599 ὅ.
695 3537 779 3583 31.
823 3535 902 3593 Cf.
932 3533 984 3597 §-
1010 3546 1048 3583 1.
1092 3534 1141 3586 l.
1179 3536 1243 3583 de
1269 3535 1431 3596 usufr.
1456 3534 1519 3597 (2,
1547 3535 1612 3595 4).
1646 3533 1700 3598 §-
1724 3547 1765 3586 4.
1808 3535 1850 3583 I.
1883 3536 1946 3584 de
1969 3537 2143 3585 servit.
2181 3531 2245 3598 (2,
2271 3533 2340 3600 4).

402 3600 464 3647 L.
493 3611 516 3647 3
541 3617 622 3662 pr.
662 3602 724 3648 D.
754 3605 817 3651 de
843 3603 1005 3662 usufr.
1031 3607 1095 3663 47,
1125 3602 1186 3663 l).
