2546 3928
781 219 899 255 GAn
943 220 1148 260 xxs'rrr.
1185 207 1288 258 111.
1326 209 1561 258 64—68.
2013 208 2132 264 141

207 358 315 416 que
345 344 625 416 proximus
657 352 833 412 esset3
879 352 1007 401 tuno
1038 345 1263 419 antiquo
1297 348 1413 401 iure
1446 347 1508 401 ad
1541 342 1769 402 heredes
1801 365 2009 418 eorum.
2045 349 2137 421 qui

202 427 558 499 liberassent,
613 430 972 500 pertinerent.
1070 425 1167 485 64.
1227 430 1345 498 Quo
1377 439 1598 486 senatus
1629 432 1878 487 consulto
1923 431 2148 505 quidam.

202 505 360 585 ’(ἱᾱ)1
405 518 583 567 actum
627 528 748 567 esse
789 520 1004 585 putant,
1047 522 1106 570 ut
1147 516 1203 569 in
1245 515 1404 570 bonis
1433 514 1746 570 Latinorum
1791 516 1980 571 eodem
2022 517 2137 571 iure

201 604 440 667 utamur,
484 613 592 670 quo
625 597 830 651 utimur
866 597 923 652 in
966 598 1268 654 hereditate
1301 600 1500 655 ciuium
1529 597 1895 655 Romanorum
1935 599 2139 655 liberti-

199 692 429 736 norum:
462 673 683 754 ’idque2
723 682 950 736 maxime
982 681 1191 754 Pegaso
1221 683 1453 756 placuit3
1488 700 1624 756 quae
1654 684 1921 740 sententia
1954 691 2138 756 aperte

200 764 338 820 salsa
370 773 479 820 est:
528 782 648 819 nam
680 766 814 820 ciuis
844 763 1068 822 Romani
1099 766 1281 823 liberti
1322 767 1592 823 hereditas
1624 784 1914 840 numquam
1953 768 2015 822 ad
2049 784 2138 823 ex·

199 858 421 904 traneos
469 851 684 923 patroni
727 849 954 905 heredes
1004 842 1013 929 Ι
1058 854 1314 922 pertinet
1327 876 1345 916 ,·
1398 853 1545 908 bona
1590 860 1782 908 autem
1822 852 2136 907 Latinorum
2158 857 2270 904 143.

198 934 358 988 etiam
390 950 463 988 ex.
484 933 589 991 hoo
617 935 738 1008 ipso
770 941 990 990 senatus
1021 935 1272 992 consulto
1305 952 1416 990 non
1449 935 1787 992 obstantibus
1813 934 1994 991 liberis
2026 953 2136 991 ma-

197 1018 522 1073 numissoris
542 1020 702 1074 etiam
734 1018 796 1074 ad
830 1026 1116 1076 extraneos
1143 1019 1373 1076 heredes
1394 1022 1706 1093 pertinent3
1735 1022 1864 1076 item
1897 1022 1952 1075 in
1983 1021 2137 1076 here·

197 1101 370 1157 ditate
414 1104 546 1159 ciuis
577 1101 800 1158 Romani
841 1102 1022 1159 liberti
1061 1104 1245 1161 liberis
1289 1107 1694 1161 manumissoris
1736 1104 1881 1161 nulla
1915 1106 2135 1160 exhere-

196 1186 346 1242 datio
401 1195 588 1260 nocet,
641 1188 697 1242 in
748 1187 909 1242 bonis
951 1187 1261 1244 Latinorum
1318 1197 1508 1245 autem
1561 1206 1764 1246 nocere
1817 1189 2132 1244 nominatim

191 1269 390 1326 factam
464 1271 970 1344 exheredationem,
1021 1276 1147 1344 ipso
1206 1283 1427 1328 senatus
1482 1274 1733 1329 consuito
1777 1271 2131 1346 significatur.

194 1357 386 1411 uerius
417 1363 503 1411 est
535 1372 691 1428 ergo,
716 1356 822 1410 hoo
850 1355 1029 1411 solum
1061 1373 1127 1411 eo
1157 1366 1379 1412 senatus
1403 1357 1657 1412 consulto
1691 1365 1869 1412 actum
1902 1372 2043 1425 esse,
2075 1363 2137 1410 ut

192 1441 611 1494 manumissoris
644 1438 825 1510 liberi,
867 1441 960 1512 qui
992 1441 1305 1495 nominatim
1337 1436 1648 1495 exheredati
1679 1455 1791 1495 non
1821 1441 1950 1510 sint,
1981 1456 2136 1512 prae·

189 1523 448 1578 serantur
479 1523 744 1578 extraneis
769 1520 1078 1578 heredibus,
1150 1518 1241 1580 65.
1272 1523 1480 1595 Itaque
1512 1532 1566 1579 et
1597 1525 1962 1596 emancipatus
1995 1521 2135 1577 filius

184 1608 419 1681 patroni
450 1596 802 1679 praeterituS‚
836 1607 1080 1678 quamuis
1104 1615 1293 1662 contra
1320 1606 1529 1662 tabulas
1557 1609 1862 1663 testamenti
1893 1609 2137 1680 parentis

186 1692 286 1746 sui
318 1688 587 1744 honorum
619 1691 1023 1762 possessionem
1052 1707 1162 1746 non
1193 1692 1432 1764 petierit,
1476 1698 1652 1747 tamen
1685 1692 1950 1747 extraneis
1982 1692 2136 1746 here-

92 1786 169 1842 224]
190 1773 358 1830 dibus
388 1775 443 1828 in
474 1772 631 1829 bonis
662 1772 974 1829 Latinorum
1006 1776 1192 1848 potior
1222 1774 1468 1834 habetur.
1545 1771 1641 1833 66.
1692 1775 1821 1832 Item
1853 1774 1960 1831 filia
1992 1783 2134 1831 cete-

190 1861 375 1933 rique,
424 1874 562 1931 quos
608 1858 914 1914 exheredes
957 1858 1084 1915 licet
1120 1860 1237 1916 iure
1278 1861 1423 1916 ciuili
1459 1861 1670 1933 facere
1702 1865 1857 1918 inter
1886 1867 2128 1928 ceteroS,

191 1946 465 2018 quamuis
505 1945 566 2000 id
601 1943 870 2015 sufficiat,
916 1950 979 2000 ut
1020 1942 1085 2000 ab
1131 1947 1275 2001 omni
1307 1946 1626 2002 hereditate
1648 1948 1840 2018 patris
1872 1947 1955 2001 sui
1987 1962 2133 2000 sum-

191 2023 558 2098 moueantur,
601 2035 779 2083 tamen
822 2029 877 2083 iu
918 2026 1076 2084 bonis
1106 2028 1445 2099 Latinorum,
1487 2031 1590 2084 nisi
1631 2032 1946 2085 nominatim
1984 2046 2013 2083 a
2045 2046 2136 2100 pa·

194 2121 355 2169 rente
389 2112 599 2168 suerint
639 2111 967 2180 exheredati,
1022 2114 1267 2185 potiores
1309 2120 1471 2187 erunt
1512 2114 1782 2167 extraneis
1825 2110 2134 2167 heredibuS.

191 2191 290 2253 67.
335 2196 472 2252 Item
513 2195 579 2251 ad
621 2194 850 2268 liberOS,
896 2197 988 2268 qui
1030 2198 1103 2252 ab
1144 2195 1447 2252 hereditate
1485 2198 1732 2269 parentis
1773 2213 1833 2252 se
1862 2189 2136 2252 abstinue-

192 2288 350 2351 runt,
392 2281 561 2337 ’bona
593 2281 934 2337 Latinorum
960 2285 1270 2353 pertinent,
1319 2285 1582 2353 quamuis
1611 2282 1780 2338 alieni
1805 2282 2137 2338 habeantur

195 2385 230 2421 a
260 2357 561 2438 paterna³
601 2364 927 2436 hereditate,
972 2368 1108 2438 quia
1140 2365 1450 2421 exheredati
1482 2366 1635 2421 nullo
1667 2366 1829 2421 modo
1875 2366 1977 2421 diei
2009 2382 2134 2437 pos-

193 2458 347 2522 sunt,
388 2466 499 2505 non
530 2451 702 2523 magis
734 2465 892 2521 quam
929 2452 1020 2523 qui
1052 2457 1383 2505 testamento
1415 2450 1632 2505 silentio
1675 2450 1955 2522 praeteriti
1987 2457 2133 2502 sunt.

193 2529 298 2591 68.
362 2536 448 2589 Ex
493 2535 579 2589 his
622 2532 871 2589 omnibus
910 2535 1039 2588 satis
1084 2532 1225 2588 illud
1265 2540 1510 2604 apparet,
1553 2533 1599 2586 si
1640 2534 1706 2601 iS‚
1755 2533 1846 2602 qui
1889 2531 2135 2584 Latinum

194 2614 449 2689 fecerit,4
483 2643 1519 2658 ——————————
1543 2631 1632 2670 *c*
1672 2609 1681 2692 Ι
1728 2629 2266 2682 ———-144‚

2149 2696 2182 2733 t.
2205 2704 2240 2733 s.

336 2812 377 2878 ¹)
408 2815 619 2866 Goesclz.
645 2823 784 2864 recte
810 2815 1015 2865 addidit
1038 2811 1129 2878 (eae
1150 2810 1323 2877 quid.).
1396 2810 1437 2875 ²)
1465 2811 1556 2862 Ea:
1579 2813 1790 2864 Goesch.
1820 2813 1890 2874 ej.
1917 2813 2136 2875 idemque

198 2882 258 2932 Ο.
289 2884 369 2933 ed.
396 2883 496 2947 By.
580 2880 623 2942 3)
659 2881 881 2938 Res-litui
905 2882 1107 2931 ‘Gaias’
1128 2898 1183 2945 p.
1210 2890 1275 2930 59.
1316 2881 1446 2929 Item
1471 2896 1687 2946 sequens
1713 2881 1842 2944 quia.
1925 2877 1968 2939 4)
2008 2878 2136 2928 Sen-

199 2954 404 3001 tentiam
423 2951 553 3000 lzanc
566 2950 730 3010 fuisse
748 2952 1011 3013 suspicor:
1038 2951 1079 2999 si
1105 2950 1164 3007 is,
1192 2950 1271 3012 qui
1301 2950 1517 2998 Latinum
1543 2950 1726 3004 fecerit,
1753 2951 1836 2997 uel
1857 2947 2008 2996 liberi
2031 2949 2136 2997 eius

198 3019 297 3069 soli
318 3020 369 3068 ei
389 3019 606 3067 heredes
627 3018 763 3080 facti
783 3020 967 3078 vivant,
996 3033 1102 3066 cum
1128 3017 1345 3066 Latinus
1363 3017 1598 3077 moritur,
1624 3016 1747 3065 nihil
1783 3017 1902 3065 novi
1931 3023 2139 3065 senalus

200 3088 426 3136 consulto
448 3086 785 3135 introductum
803 3100 931 3143 esse,
958 3087 1078 3150 quia
1104 3086 1253 3133 etiam
1279 3100 1348 3134 ex
1373 3087 1480 3149 leye
1505 3084 1660 3134 Iunia
1685 3085 1759 3133 ad
1780 3085 1980 3133 eosdem
2004 3084 2136 3135 bona

201 3153 380 3202 Latini
392 3154 703 3216 pertineant,
717 3168 810 3202 nec
827 3154 1069 3202 extranei
1083 3152 1300 3201 heredes
1316 3153 1436 3210 sint,
1453 3152 1629 3217 quibus
1649 3155 1728 3203 vel
1742 3154 1852 3214 ipse
1872 3155 2134 3202 manumis-

200 3236 289 3271 sor
312 3222 390 3270 vel
415 3221 564 3270 liberi
592 3220 860 3284 praefer-rt·
886 3222 1102 3284 possint.
1148 3218 1256 3269 Sed
1288 3221 1387 3269 etsi
1417 3224 1747 3271 manumissor
1769 3220 2006 3269 Latinum
2041 3235 2135 3267 ex-

205 3295 384 3339 traneo
419 3290 669 3352 leyaverit
703 3288 763 3350 (2,
790 3286 903 3351 195),
939 3286 1072 3337 Scto
1108 3288 1268 3337 locum
1302 3303 1400 3337 non
1434 3303 1543 3337 esse
1578 3290 1756 3346 videri,
1793 3289 1928 3352 quod
1949 3286 2136 3334 liberos

204 3362 392 3406 tantam
412 3358 683 3406 eaetraneis
702 3355 971 3405 heredibus
990 3356 1323 3418 praetulerit:
1348 3372 1447 3420 qua
1473 3357 1536 3405 de
1554 3372 1613 3406 re
1632 3363 1797 3405 tamen
1822 3368 1922 3402 non
1946 3350 2134 3405 dubito,

206 3427 321 3487 quin
355 3425 694 3475 dissenserint
716 3423 851 3486 loti,
889 3425 994 3472 sive
1028 3430 1283 3473 extraneo
1318 3426 1421 3472 sive
1455 3425 1542 3471 uni
1572 3439 1641 3471 ex
1666 3420 1840 3470 liberis
1859 3432 1959 3480 per
1979 3429 2135 3478 prae-

338 3571 390 3639 ξ.
421 3576 504 3627 64.
547 3574 624 3637 Cf.
656 3573 751 3638 38.
779 3585 845 3624 48.
870 3583 935 3625 58.
961 3600 1022 3609 -
1052 3574 1119 3626 L.
1146 3585 1212 3624 40.
1240 3574 1290 3621 D
1333 3574 1396 3621 de
1421 3570 1534 3622 bon.
1562 3569 1643 3619 lib.
1671 3564 1761 3630 (38,
1786 3564 1855 3628 2).
