2546 3928
442 178 518 231 94
831 240 836 247 ‚
1008 197 1122 230 (ΜΠ
1160 199 1360 232 1Ν5ΊῚΤ.
1399 186 1470 234 Π.
1511 188 1808 236 130—133.

440 326 525 370 tor
567 333 752 372 omnes
799 320 967 374 uirilis
1009 338 1169 375 sexus
1215 331 1322 377 tam
1362 327 1533 394 filios,
1579 343 1750 397 quam
1785 332 2030 393 ceteroS‚
2074 326 2126 381 id
2161 336 2243 382 est
2278 345 2376 384 ne·

433 410 590 472 potes
634 396 854 475 quoque
896 413 952 459 et
993 415 1332 477 pronepotes
1375 408 1764 474 ’nominatim'
1799 411 2156 467 exheredari
2198 413 2375 480 iubet,

429 484 693 555 feminini
733 504 874 544 uero
916 505 1096 562 sescus
1137 493 1370 563 liberos,
1416 495 1476 546 id
1505 499 1590 548 est
1628 496 1784 564 filias
1815 501 1868 548 et
1909 501 2114 564 neptes
2144 503 2201 550 et
2224 514 2368 566 pro-
2392 504 2486 561 [ηιξ

436 577 637 640 neptes
680 579 780 626 aut
825 577 1149 629 nominatim
1194 583 1296 647 aut
1343 581 1495 632 inter
1539 573 1854 634 ceteroS.¹.
1929 575 2065 635 130.
2127 579 2374 635 Postumi

436 671 655 727 quoque
697 649 892 722 liberi?
943 661 1036 713 uel
1076 660 1322 715 heredes
1373 664 1595 717 institui
1643 663 1847 717 debent
1899 666 1993 718 uel
2035 664 2370 719 exheredari.

433 735 549 795 131.
585 728 664 793 'Et
693 744 753 795 in
786 757 850 796 eo
873 758 996 810 par
1026 748 1268 799 omnium
1292 748 1550 801 condicio
1583 753 1684 814 est,
1720 749 1873 818 quod
1893 755 1947 802 et
1978 751 2035 802 in
2064 750 2184 820 filio
2210 757 2369 819 post·

435 841 561 878 umo
605 832 659 878 et
698 828 753 879 in
798 827 1042 897 quolibet
1093 843 1169 882 eoe
1225 832 1435 885 ceteris
1472 830 1672 886 tiberis
1713 835 1837 885 siue
1874 831 2154 917 feminini
2190 849 2370 889 sexus

433 911 554 963 siue
606 912 909 965 masculini
954 916 1277 980 praeterito
1329 916 1488 969 ualet
1531 916 1752 986 quidem
1797 922 2212 986 testamentum,
2268 919 2371 972 sed

431 1000 637 1062 postea
681 995 1027 1066 adyna'tione
1062 1001 1316 1065 postumi
1344 1002 1466 1054 siue
1498 1006 1807 1077 postumae
1847 1004 2152 1070 rumpitur,
2199 1008 2252 1056 et
2298 1017 2366 1056 ea

432 1079 658 1130 ratione
689 1084 862 1132 totum
892 1081 1242 1149 infirmatur.
1316 1084 1555 1154 ideoque
1586 1086 1638 1137 si
1663 1086 1888 1153 mulier,
1932 1100 2009 1138 ex
2051 1103 2166 1156 qua
2209 1094 2366 1155 post-

431 1175 597 1213 umus
637 1167 738 1215 aut
774 1170 1038 1230 postuma
1081 1167 1450 1236 sperabatur,
1509 1168 1769 1222 abortum
1806 1167 2039 1239 fecerit,
2083 1171 2223 1224 nihil
2267 1173 2365 1225 im·

426 1245 748 1313 pedimento
781 1253 866 1301 est
895 1251 1131 1319 scriptis
1159 1251 1471 1306 heredibus
1501 1253 1580 1306 ad
1605 1253 1983 1307 hereditatem
2018 1255 2362 1308 adeundam.

429 1324 559 1383 132.
622 1327 739 1384 Sed
759 1329 1028 1400 feminini
1068 1337 1290 1406 quidem
1336 1351 1516 1390 sexus
1545 1343 1856 1407 postumae
1900 1340 1992 1392 uel
2035 1341 2365 1394 nominatim

328 1429 409 1481 87.
430 1415 525 1467 uel
553 1405 705 1468 inter
736 1423 963 1471 ceteros
986 1420 1347 1475 exheredari
1375 1423 1574 1485 solent,
1601 1422 1731 1475 dum
1763 1428 1974 1490 tamen,
2007 1425 2058 1476 si
2086 1425 2238 1477 inter
2270 1439 2363 1478 ce-

307 1504 338 1545 t.
367 1512 404 1545 S·
430 1504 584 1552 teros
606 1500 1057 1568 exheredentur,
1085 1506 1307 1576 aliquid
1329 1508 1411 1560 eis
1430 1507 1759 1575 leqetumne
1774 1507 2085 1561 uideantur
2103 1523 2216 1577 per
2227 1509 2362 1563 obli-

429 1584 651 1637 uionem
659 1589 1025 1654 praeteritae
1038 1603 1192 1642 esse.-
1218 1592 1508 1644 masculos
1521 1604 1662 1665 uero
1673 1596 1986 1658 postumos,
2015 1591 2074 1645 id
2088 1600 2171 1646 est
2183 1593 2361 1661 filium

429 1674 481 1720 et
506 1668 798 1738 deinceps,
822 1673 1171 1739 placuitnon
1188 1675 1361 1727 aliter
1387 1680 1546 1728 recte
1572 1674 1938 1740 exheredari,
1970 1678 2085 1730 nisi
2102 1679 2359 1731 nomina·

429 1753 522 1803 tim
549 1751 994 1818 exheredentur‚
1027 1756 1136 1810 hoc
1168 1757 1389 1811 scilicet
1412 1759 1572 1812 modo
1603 1771 1873 1822 QVJCVMQ
1884 1774 1962 1814 VE
1983 1774 2137 1815 MIHI
2157 1775 2364 1817 FJLJVS

429 1848 691 1889 cssmws
722 1851 966 1899 FVERlD
1005 1852 1299 1895 EXHERES
1329 1855 1492 1899 Esro,
1605 1837 1732 1897 133.
1791 1842 2190 1898 Postumorum
2234 1847 2360 1900 loco

426 1923 559 1972 sunt
600 1924 654 1973 et
693 1919 769 1988 hi,
815 1923 910 1991 qui
951 1923 1008 1976 in
1054 1925 1146 1977 sui
1182 1922 1412 1979 heredis
1448 1926 1635 1981 locum
1667 1928 2024 1983 succedendo
2055 1931 2228 2000 quasi
2255 1931 2358 1984 ad-

421 2005 754 2075 ynascendo
782 2006 932 2075 fiunt
951 2009 1305 2077 parentibus
1335 2012 1426 2064 sui
1454 2011 1726 2065 heredes.-
1756 2018 1818 2065 ut
1849 2027 1984 2067 ecce
2016 2016 2070 2066 si
2089 2016 2270 2083 fitium
2304 2022 2360 2068 et

423 2102 500 2140 ea*
544 2103 608 2143 eo
650 2095 912 2159 nepotem
954 2101 1253 2161 neptemue
1294 2096 1352 2147 in
1391 2100 1679 2164 potestate
1720 2096 1981 2166 habeam,
2027 2100 2163 2167 quia
2204 2100 2361 2169 fitius

420 2172 609 2243 yradu
643 2176 966 2243 praecedit,
1011 2179 1060 2230 is
1102 2180 1256 2231 sotus
1296 2180 1430 2232 iura
1478 2181 1568 2233 sui
1597 2180 1830 2234 heredis
1859 2181 2048 2247 habet,
2093 2187 2360 2253 quamuis

423 2271 600 2325 nepos
642 2272 865 2327 quoque
908 2267 962 2312 et
1002 2263 1190 2330 neptis
1222 2276 1300 2315 ex
1333 2278 1398 2316 eo
1429 2266 1487 2317 in
1523 2264 1723 2318 eadem
1757 2271 2041 2333 potestate
2071 2269 2185 2321 sint
2198 2291 2215 2329 ,·
2258 2270 2364 2323 sed

422 2342 473 2392 si
498 2340 654 2408 filius
682 2354 843 2394 meus
871 2357 957 2395 me
987 2346 1120 2398 uiuo
1150 2347 1450 2416 moriatur,
1497 2354 1599 2401 aut
1631 2350 1881 2419 qualibet
1925 2353 2150 2405 ratione
2180 2360 2359 2407 exeat

421 2423 491 2477 de
515 2430 804 2493 potestate
834 2441 979 2497 mea,
1024 2430 1226 2498 incipit
1255 2445 1435 2499 nepos
1464 2434 1726 2501 neptisue
1762 2435 1819 2487 in
1852 2438 1976 2489 eius
2003 2437 2193 2490 locum
2224 2452 2357 2491 suc-

422 2510 650 2578 cedere,
694 2516 748 2563 et
780 2524 845 2572 eo
876 2513 1035 2567 modo
1066 2515 1198 2567 iura
1230 2528 1465 2569 suorum
1496 2517 1769 2572 heredum
1804 2522 1976 2589 quasi
2004 2520 2354 2591 adynatz‘one

558 2671 597 2736 ¹)
638 2673 726 2721 Ita
762 2676 832 2722 ad
861 2690 1058 2724 sensum
1091 2679 1297 2740 eas-plevi
1328 2696 1371 2727 v.
1405 2689 1428 2728 9
1454 2686 1502 2728 et
1528 2690 1590 2728 10.
1645 2679 1722 2740 Cf.
1758 2679 1811 2743 3.
1841 2692 1930 2730 134.
1971 2681 2112 2731 Mate
2138 2684 2350 2733 Lachm.

418 2741 761 2802 adstipulante
797 2744 913 2809 lieet
950 2743 1204 2793 Gneistio:
1240 2748 1557 2795 ‘nominatim
1590 2749 1905 2797 eas-heredari
1936 2750 2084 2806 iubet,
2120 2752 2353 2812 feminini

416 2823 537 2856 uero
564 2808 699 2856 inter
723 2816 937 2871 ceteros,
963 2813 1049 2873 qui
1074 2814 1173 2860 nisi
1190 2814 1389 2869 fuerint
1413 2815 1486 2862 ita
1512 2815 1830 2878 exheredati,
1854 2819 2104 2880 promittit
2129 2821 2204 2867 eis
2228 2835 2351 2869 con·

415 2883 499 2923 tra
523 2877 721 2924 tabulas
740 2877 979 2926 bonorum
995 2878 1400 2940 possessionem’.
1439 2882 1569 2929 Nam
1594 2898 1686 2930 nec
1710 2899 1876 2931 verum
1899 2884 1993 2934 hoc
2017 2892 2095 2933 est
2120 2884 2242 2948 (nisi
2258 2889 2352 2935 ad-

415 2944 638 2991 dideris:
677 2950 691 2973 ‘
707 2947 793 3007 qai
822 2946 871 2993 si
900 2960 993 2993 nec
1026 2947 1242 2995 heredes
1276 2950 1494 2997 instituti
1527 2965 1617 2997 nec
1652 2952 1724 2998 ita
1746 2952 1943 3011 fuerint
1966 2952 2216 3016 emher.')‚
2256 2971 2352 3003 nec

413 3010 538 3058 haec
567 3014 835 3072 promissio
866 3015 1131 3074 praetoris
1154 3015 1299 3064 huius
1335 3018 1434 3065 loci
1465 3022 1558 3076 est,
1598 3033 1689 3066 nec
1721 3019 1852 3066 idem
1879 3027 1958 3067 ter
1989 3022 2184 3069 dixisse
2214 3021 2348 3070 Gaio

413 3078 652 3137 imputari
674 3079 823 3127 debet
849 3079 938 3142 (cf.
969 3078 1180 3142 33129.
1208 3082 1321 3144 135).
1417 3081 1462 3145 ²)
1501 3084 1876 3148 Supplementu‚
1914 3104 2042 3150 quae
2065 3097 2349 3152 sequuntur

414 3140 778 3207 33.130-134.,
802 3161 871 3194 ecc
893 3146 1022 3198 Inst.
1052 3156 1101 3196 et
1123 3150 1182 3195 L.
1205 3160 1269 3198 13.
1300 3151 1364 3197 D.
1388 3153 1451 3199 de
1470 3152 1650 3200 iniusto
1671 3162 1822 3216 rupto
1843 3152 1928 3215 (28,
1954 3155 1998 3211 3)
2018 3156 2185 3217 petita
2209 3165 2349 3206 sunt.
2388 3209 2391 3210 γ

546 3274 963 3343 §§.130-132.
988 3302 1055 3321 =
1080 3281 1132 3345 3.
1160 3297 1200 3337 1.
1238 3285 1285 3337 I.
1315 3286 1378 3334 de
1403 3286 1648 3339 exleerea.
1686 3288 1770 3336 tib.
1810 3287 1870 3349 (2,
1895 3287 1980 3350 13).
2021 3289 2099 3351 Cf.
2129 3290 2246 3353 Uip.
2273 3302 2348 3351 22,

413 3357 476 3395 15.
505 3355 703 3398 18—21.
730 3357 795 3406 23,
823 3358 867 3397 2.
908 3349 1008 3397 Cio.
1037 3353 1100 3399 de
1125 3358 1257 3400 orat.
1283 3364 1323 3412 1,
1349 3363 1414 3402 57.
1442 3368 1540 3416 pro
1569 3353 1716 3403 Caee.
1743 3364 1809 3407 25.
1849 3357 1927 3405 De
1955 3359 2064 3405 iure
2090 3357 2349 3408 Etrusco-

411 3431 517 3461 rum
550 3415 618 3475 ef.
655 3415 768 3464 Liv.
807 3428 846 3474 1,
873 3427 938 3464 34.
974 3414 1026 3479 3.
1051 3428 1112 3479 3.,
1149 3436 1245 3482 quo
1271 3419 1460 3469 Romae
1481 3429 1667 3483 postea
1690 3424 1870 3471 milites
1893 3424 2176 3486 utebantur.
2258 3461 2271 3475 .
2296 3437 2346 3481 6,

411 3481 459 3528 J.
489 3484 565 3529 tit.
590 3484 690 3544 cia„
742 3479 971 3549 §§.133.
1003 3487 1117 3534 134.
1139 3505 1208 3528 =
1231 3486 1296 3535 L.
1322 3498 1386 3535 13.
1427 3488 1491 3536 D.
1520 3491 1583 3536 de
1609 3491 1790 3539 iniusto
1814 3499 1965 3553 rapto
1994 3490 2085 3554 (28,
2111 3491 2174 3556 3).
2238 3495 2270 3546 ⁸.
2296 3506 2345 3543 2.

411 3547 460 3595 J.
488 3552 561 3596 tit.
587 3550 668 3598 eit.
706 3549 787 3610 Cf.
816 3550 930 3614 Ulp.
959 3562 1023 3612 23,
1051 3563 1089 3601 3.
