2546 3928
800 878 1284 920 COMMENTAmvs
1332 881 1409 919 TE
1419 878 1619 920 RTlvs.
2200 877 2314 946 [209]

125 1006 218 1045 Fol.

106 1059 221 1156 peffgj
366 1081 413 1140 1.
464 1078 901 1141 ¹Intestatorum
924 1087 1277 1141 hereditates
1297 1088 1421 1157 {eye
1450 1101 1547 1140 XII
1571 1086 1902 1140 tabularum
1930 1086 2178 1155 primum

239 1173 319 1226 ad
358 1185 495 1226 suos
524 1171 770 1226 heredes
796 1173 1108 1241 pertinent.
1196 1165 1249 1225 2.
1312 1170 1417 1226 Sui
1456 1177 1643 1225 autem
1688 1171 1934 1226 heredes
1977 1173 2175 1225 existi-

236 1261 476 1311 mantur
526 1256 723 1325 liberi,
778 1258 879 1325 qui
916 1259 976 1310 in
1010 1261 1300 1324 potestate
1340 1256 1636 1310 morientis
1670 1251 1944 1325 fuerunt,
2002 1257 2182 1309 ueluti

237 1343 399 1412 filius
425 1342 642 1411 filiaue‚
689 1355 869 1410 nepos
900 1341 1164 1409 neptisue
1196 1354 1272 1393 ex
1300 1341 1436 1409 filio,
1479 1354 1775 1408 pronepos
1795 1341 2180 1408 proneptisue
2266 1400 2269 1403 ,

238 1441 322 1481 ex
362 1430 571 1495 nepote
622 1424 742 1493 filio
784 1430 920 1478 nato
960 1429 1282 1494 proynatus
1315 1429 1719 1493 proynataue:
1774 1437 1882 1476 nec
1922 1425 2180 1487 interest,

239 1517 439 1566 utrum
479 1508 789 1562 naturales
829 1510 941 1561 sint
982 1506 1150 1561 liberi
1192 1524 1268 1561 an
1303 1508 1588 1575 adoptiui:
1630 1509 1712 1561 ita
1742 1509 1962 1563 demum
1994 1513 2182 1561 tamen

239 1608 428 1663 nepos
469 1594 733 1661 neptisue
774 1597 829 1650 et
877 1606 1169 1660 pronepos
1201 1593 1586 1660 proneptisue
1627 1607 1861 1646 suorum
1912 1591 2184 1645 heredum

242 1691 490 1733 numero
534 1679 685 1742 sunt,
732 1678 784 1730 si
813 1677 1183 1745 praecedens
1218 1690 1479 1745 persona
1524 1677 1758 1731 desierit
1798 1678 1858 1730 in
1895 1681 2182 1745 potestate

236 1762 512 1833 parentis
565 1775 721 1832 esse,
775 1763 899 1815 siue
944 1766 1127 1816 morte
1178 1761 1239 1815 id
1278 1761 1559 1816 acciderit
1607 1763 1731 1816 siue
1775 1762 1894 1814 alia
1937 1762 2181 1826 ratione,

243 1846 429 1901 ueluti
456 1847 914 1915 emancipatione
924 1868 943 1907 ;
974 1862 1107 1899 nam
1137 1848 1190 1900 si
1211 1860 1325 1914 per
1353 1846 1416 1900 id
1441 1850 1680 1916 tempus,
1714 1862 1824 1918 quo
1856 1849 1986 1917 quis
2015 1847 2184 1900 mori-

245 1939 364 1997 tur,
395 1931 552 2003 filius
580 1932 637 1985 in
662 1936 952 2001 potestate
983 1933 1107 1985 eius
1136 1933 1223 2000 sit,
1264 1945 1448 2001 nepos
1478 1946 1556 1987 ex
1589 1947 1652 1987 eo
1683 1945 1826 1987 suus
1853 1931 2025 1986 heres
2058 1944 2183 1985 esse

245 2032 363 2071 non
388 2021 597 2085 potest.
669 2016 812 2069 idem
849 2024 903 2070 et
933 2018 992 2070 in
1025 2018 1235 2070 ceteris
1271 2017 1541 2085 deinceps
1577 2016 1890 2070 liberorum
1916 2017 2187 2084 personis

246 2103 461 2157 dictum
491 2101 901 2171 intelleqemus.
992 2094 1051 2154 3.
1117 2100 1278 2154 onr
1310 2114 1552 2171 quoque,
1596 2113 1746 2168 quae
1776 2101 1834 2152 in
1866 2115 2041 2152 manu
2072 2114 2184 2152 mo-

248 2186 453 2241 rientis
484 2190 592 2254 est,
626 2187 680 2238 ei
708 2200 814 2239 sua
840 2185 1013 2239 heres
1038 2188 1137 2252 est,
1171 2187 1308 2254 quia
1328 2185 1487 2254 filiae
1516 2185 1644 2239 loco
1677 2189 1761 2237 est
1775 2206 1793 2245 ,·
1822 2185 1951 2237 item
1982 2198 2184 2247 nurus,

249 2283 404 2341 quae
432 2271 492 2323 in
520 2270 633 2339 filii
658 2286 834 2324 manu
872 2276 973 2334 est,
1017 2284 1150 2323 nam
1184 2274 1239 2323 et
1269 2269 1418 2324 haec
1448 2271 1637 2338 neptis
1665 2268 1790 2323 loco
1821 2275 1936 2323 est.-
1977 2268 2082 2322 sed
2106 2269 2186 2322 ita

229 2356 472 2409 ‘demum
519 2356 627 2407 erit
668 2369 774 2409 sua
815 2354 1004 2420 heres,
1048 2356 1100 2409 si
1132 2355 1310 2424 filius,
1352 2354 1518 2408 cuius
1557 2357 1616 2408 in
1657 2365 1836 2408 manu
1873 2352 2014 2424 fuit,
2061 2368 2188 2407 cum

245 2444 425 2510 pater
453 2440 711 2508 moritur,
756 2442 813 2493 in
846 2445 1137 2509 potestate
1179 2441 1302 2493 eius
1343 2455 1457 2493 non
1489 2440 1579 2492 sit.
1641 2438 1900 2507 idemque
1935 2438 2189 2490 dicemus
2212 2438 2323 2506 [210]

392 2601 433 2666 ¹)
472 2601 695 2651 Primum
720 2604 865 2651 huius
890 2601 1234 2651 commentarii
1260 2598 1439 2660 folium
1464 2599 1785 2659 deperditum
1821 2613 1891 2646 ea:
1918 2596 2097 2646 Collat.
2123 2606 2189 2658 16,

253 2682 293 2725 2.
322 2670 421 2735 SS.
447 2680 578 2723 1-5.
604 2677 655 2719 et
682 2670 811 2722 Inst.
837 2671 1157 2733 aliquatenus
1177 2674 1364 2715 tantum
1389 2667 1579 2715 sarciri
1599 2666 1792 2723 potuit‚·
1819 2681 1932 2714 nam
1955 2668 2192 2728 suppleta

253 2742 340 2788 uni
368 2738 486 2801 fere
523 2746 711 2786 tantum
745 2737 1005 2799 sufficiunt
1043 2735 1243 2784 Codicis
1286 2735 1477 2783 Veron.
1511 2735 1735 2797 payinae
1778 2742 1828 2783 et
1863 2734 2059 2783 dubium
2092 2749 2192 2783 non

256 2815 349 2864 est,
378 2806 497 2870 quin
519 2807 729 2869 primum
756 2806 928 2869 aliqua
950 2803 1332 2866 praecesserint
1358 2805 1603 2851 transitus
1623 2802 1857 2862 faciendi
1877 2803 2069 2866 gratia.
2109 2800 2190 2862 Cf.

253 2885 298 2936 2,
332 2883 399 2923 99.
440 2884 530 2923 100.
575 2873 774 2922 Deinde
808 2889 890 2935 pr.
928 2872 977 2924 Ι.
1010 2872 1058 2919 h.
1083 2878 1135 2938 xt.
1171 2886 1240 2920 ex
1268 2870 1395 2921 Gaio
1420 2872 1620 2920 videtur
1642 2871 1852 2933 petitum
1885 2884 1996 2918 esse
2023 2876 2073 2917 et
2095 2884 2192 2930 po-

253 2949 440 2990 stremo
466 2942 510 2990 is
532 2955 670 2989 more
694 2956 785 2991 suo
804 2940 1188 3003 praemonuisse
1212 2940 1469 3001 putandus
1493 2945 1587 3000 est,
1620 2938 1889 3000 interesse,
1924 2944 2087 2985 utrum
2112 2938 2191 2985 in-

256 3023 446 3071 9enuus
479 3024 544 3057 an
578 3005 788 3056 libertus
822 3006 1117 3056 decesserit.
1164 3007 1246 3069 Cf.
1277 3005 1374 3069 83.
1402 3017 1466 3059 18.
1490 3017 1558 3055 39.
1603 3005 1760 3055 Prius
1782 3021 1837 3055 se
1863 3006 1926 3055 de
1951 3006 2192 3069 inqenuo-

256 3093 365 3124 rum
398 3074 767 3125 hereditatibus
801 3081 1045 3124 acturum.
1095 3074 1460 3138 ‘Ingenuorum
1494 3075 1873 3124 intestatorum’
1901 3079 1996 3126 ete.
2046 3073 2193 3123 Cete-

255 3160 365 3193 rum
390 3145 453 3192 de
478 3144 774 3193 lectionibus
797 3144 894 3193 vid.
920 3144 991 3191 ad
1016 3142 1196 3191 Collat.
1225 3149 1422 3191 notata.

299 3345 305 3351 ,
392 3293 441 3362 ξ.
473 3298 517 3350 1,
554 3316 621 3337 =
656 3293 707 3357 S.
738 3307 776 3343 1.
826 3294 876 3345 Ι.
912 3296 976 3343 de
1010 3294 1181 3343 hered.
1221 3312 1270 3358 q.
1309 3294 1370 3344 ab
1405 3296 1494 3343 int.
1532 3295 1592 3354 (3,
1618 3294 1677 3353 1).
1715 3295 1795 3356 Cf.
1823 3294 1966 3356 Epit.
1992 3303 2035 3350 2,
2059 3302 2085 3340 8
2109 3307 2189 3351 pr.

266 3364 381 3428 Ulp.
408 3374 474 3422 26,
502 3377 537 3417 1.
577 3363 757 3414 Collat.
784 3372 850 3419 16,
877 3372 918 3411 3.
954 3360 1015 3424 S.
1040 3373 1079 3415 3,
1126 3363 1227 3423 lege
1250 3377 1331 3411 xn
1358 3362 1478 3421 tab.]
1518 3362 1586 3423 cf.
1615 3362 1838 3411 Dirlcsen
1875 3370 1916 3414 5,
1941 3371 1981 3407 4.
2020 3356 2194 3405 Seko'lt

260 3450 313 3495 p.
342 3443 431 3484 128.
536 3428 588 3497 ξ.
614 3434 663 3481 2.
691 3451 758 3471 =
786 3429 839 3494 S.
868 3441 908 3483 2.
952 3430 997 3479 l.
1024 3431 1137 3480 eod.
1178 3429 1258 3491 Cf.
1296 3429 1438 3492 Epic.
1480 3428 1598 3491 Utp.
1636 3430 1688 3478 tt.
1725 3443 1798 3476 cc.
1839 3426 2020 3474 Collat.
2056 3433 2121 3483 16,
2149 3434 2190 3475 3.

265 3498 361 3564 88.
387 3511 428 3550 4.
453 3509 492 3548 8.
585 3496 638 3564 §-
666 3502 713 3550 3.
744 3498 821 3561 Cf.
860 3510 899 3559 1,
937 3509 1027 3549 114.
1062 3495 1181 3549 115b.
1220 3506 1310 3544 118.
1355 3505 1396 3554 2,
1435 3504 1526 3544 139.
1562 3504 1649 3544 159.
1705 3493 1815 3554 Utp.
1850 3500 1916 3548 22,
1954 3499 2019 3537 14.
2055 3499 2123 3550 23,
2147 3500 2189 3537 3.

264 3579 328 3630 29,
353 3580 390 3623 1,
432 3567 558 3618 Gett.
587 3577 651 3630 18,
676 3577 718 3617 6.
755 3566 900 3617 Serv.
930 3567 1002 3616 ad
1026 3566 1157 3615 Aen.
1184 3574 1225 3623 7,
1249 3573 1342 3612 424.
1381 3562 1592 3623 Dionys.
1618 3570 1659 3619 2,
1685 3568 1751 3607 25.
