2546 3928
383 181 467 236 30
975 195 1091 229 GAn
1126 194 1332 233 ῙΝΒΤῙΤ.
1369 180 1414 229 1.
1452 176 1715 230 30-321‘.

381 338 459 376 ex
488 319 611 393 lege
643 318 788 374 Aelia
819 317 998 374 Sentia
1030 335 1252 373 uxorem
1292 318 1508 373 duxisse
1539 327 1594 373 et
1623 334 1686 373 ex
1719 333 1779 372 ea
1810 315 1977 372 filium
2008 317 2322 372 anniculum

383 403 609 460 habere:
644 411 700 459 et
731 405 775 458 si
807 405 873 474 is,
904 405 1050 476 apud
1078 418 1235 476 quem
1269 418 1427 458 causa
1452 401 1679 476 probata
1709 410 1814 471 est,
1848 401 1899 457 id
1932 402 2007 456 ita
2038 417 2160 457 esse
2190 418 2323 475 pro-

381 489 737 559 nuntiauerit,
779 497 911 544 tunc
941 495 995 542 et
1025 488 1142 560 ipse
1171 486 1394 542 Latinus
1434 495 1489 542 et
1520 503 1658 542 uxor
1689 487 1826 559 eiuS‚
1868 487 1912 540 si
1944 494 2000 541 et
2030 486 2141 558 ipsa
2174 486 2320 541 eiusss

382 572 503 628 dem
550 567 928 642 (condicionis
969 575 1059 634 sit,
1103 579 1158 627 et
1197 575 1455 642 ipsorum
1482 574 1655 643 filius,
1702 575 1754 626 si
1793 579 1847 627 et
1882 572 2005 642 ipse
2036 564 2322 647 eiusdem)

381 655 715 713 condicionis
745 658 838 728 sit,
876 657 1025 712 ciues
1055 654 1279 711 Romani
1313 671 1433 711 esse
1462 654 1739 712 iubentur.
1826 652 1931 713 30.
1978 654 2104 710 ldeo
2135 665 2318 710 aulem

380 743 433 796 in
466 741 718 814 ipsorum
747 741 866 813 filio
898 739 1189 796 adiecimus
1227 739 1296 794 ‘si
1329 749 1383 796 et
1413 740 1529 812 ipse
1560 739 1804 796 eiusdem
1833 738 2170 795 condicionis
2200 739 2321 810 sit',

382 819 556 898 ᾳμίαῙ
601 827 644 880 si
676 842 815 881 uxor
844 824 1019 880 Latini
1059 825 1194 880 ciuis
1225 823 1462 879 Romana
1493 831 1598 894 est,
1641 826 1732 897 qui
1762 840 1827 879 ex
1857 840 1917 879 ea
1949 823 2208 894 nascitur,
2250 840 2319 878 ex

382 926 526 966 nouo
559 917 777 966 senatus
799 908 1076 980 consulto,
1109 908 1256 982 quod
1289 917 1509 965 auctore
1540 909 1666 964 diuo
1694 907 1957 964 Hadriano
1983 906 2184 963 sactum
2210 919 2317 977 est,

381 996 516 1050 ciuis
547 994 816 1050 Romanus
849 994 1104 1049 nascitur.
1180 991 1268 1051 31.
1318 992 1431 1048 Hoc
1462 1000 1639 1055 tamen
1671 993 1754 1047 ius
1784 992 2157 1066 adipiscendae
2187 993 2322 1048 ciui·

381 1080 508 1134 tatis
548 1078 813 1133 Romanae
867 1079 1077 1137 etiamsi
1115 1080 1218 1134 soli
1261 1079 1498 1133 minores
1541 1078 1768 1150 triginta
1822 1092 2083 1133 annorum
2126 1093 2316 1132 manu·
2342 1086 2462 1144 [108]

381 1163 528 1218 missi
572 1170 626 1217 et
666 1161 838 1216 Latini
896 1162 1021 1217 sacti
1069 1177 1134 1218 ex
1178 1163 1301 1235 lege
1343 1161 1490 1217 Aelia
1533 1161 1715 1217 Sentia
1760 1160 2084 1231 habuerunt,
2137 1169 2317 1217 tamen

379 1257 571 1320 postea
611 1254 830 1301 senatus
861 1245 1142 1314 consulto,
1198 1245 1345 1320 quod
1378 1246 1584 1320 Pegaso
1626 1243 1958 1309 et,Pusione
1998 1245 2317 1302 consulibus

380 1333 577 1388 sactum
608 1341 713 1402 est,
757 1330 813 1386 et
841 1328 1137 1386 maioribus
1179 1331 1409 1403 triginta
1440 1347 1701 1386 annorum
1737 1331 2075 1386 manumissis
2105 1329 2315 1386 Latinis

380 1416 532 1472 sactis
573 1431 891 1471 concessum
933 1424 1038 1473 est.
1138 1409 1238 1472 32.
1296 1413 1547 1470 Ceterum
1590 1415 1795 1470 etiamsi
1839 1422 1964 1471 ante
2008 1418 2316 1472 decesserit

376 1500 627 1570 Latinus3
684 1519 858 1574 quam
899 1500 1148 1557 anniculi
1181 1499 1309 1571 filii
1346 1515 1558 1555 causam
1600 1498 1872 1572 probarit,
1916 1509 2099 1573 potest
2141 1509 2318 1555 maten·

309 1587 493 1648 8,eius
536 1602 751 1642 causam
794 1583 1047 1660 probare,
1091 1593 1146 1641 et
1189 1586 1271 1641 sic
1314 1592 1370 1640 et
1410 1585 1524 1657 ipsa
1566 1581 1660 1641 fiet
1707 1576 1716 1662 Ι
1766 1585 1901 1640 ciuis
1941 1583 2199 1641 Romana
2241 1585 2318 1640 ’et

373 1673 548 1742 filius,
591 1674 756 1742 isque
796 1685 862 1725 eo
906 1671 1155 1741 amplius
1189 1670 1436 1740 perinde
1467 1684 1541 1724 ac
1570 1673 1623 1724 si
1659 1672 1823 1724 iustis
1868 1672 1875 1734 Ι
1921 1671 2121 1742 nuptiis
2162 1678 2317 1724 esset

367 1761 742 1825 procreatus,
787 1756 960 1824 quasi
998 1768 1141 1808 suus
1174 1761 1490 1825 poscumus·
1514 1754 1687 1808 heres
1713 1756 1906 1822 patris
1946 1755 2096 1810 bona
2128 1755 2137 1819 Ι
2169 1755 2312 1826 apis-

378 1841 547 1893 citur.
622 1840 675 1892 si
712 1853 855 1892 uero
898 1843 953 1892 et
992 1844 1171 1908 pater
1213 1843 1268 1891 et
1310 1844 1497 1892 mater
1536 1839 1908 1908 decesserint,
1947 1843 1954 1901 Ι
1989 1839 2105 1911 ipse
2150 1835 2314 1907 filius,

378 1923 531 1978 cuius
563 1923 804 1978 interest
849 1937 977 1978 cum
1015 1923 1252 1979 ciuitate
1284 1922 1548 1979 Romana
1580 1923 1728 1980 bona
1762 1938 1956 1979 eorum
1991 1924 2266 1991 obtinere,
2301 1930 2312 1984 ι

376 2006 536 2064 debet
558 2023 770 2063 causam
791 2004 1042 2080 probare,
1077 2015 1137 2062 ut
1167 2014 1358 2063 tamen
1381 2008 1694 2079 impuberis
1714 2014 1869 2065 tutor
1893 2023 2132 2064 causam
2155 2015 2313 2081 aqut.

374 2088 498 2152 32³.
547 2092 664 2149 Sed
691 2091 1038 2163 uidelbirn11S‚
1081 2091 1149 2147 de
1180 2088 1292 2146 filio
1325 2091 1575 2148 anniculo
1618 2107 1770 2162 quae
1799 2094 2068 2164 diximus,
2109 2107 2183 2148 ne
2213 2108 2312 2147 ea-

374 2180 500 2233 dem
521 2178 591 2232 de
618 2181 626 2242 Ι
652 2180 776 2249 filia
801 2180 1076 2233 annicula
1101 2178 1346 2232 dicenda
1369 2170 1534 2232 sint.²
1585 2168 1714 2234 32¹².
1738 2176 2062 2233 Praeterea
2089 2192 2167 2233 ex
2188 2178 2315 2249 le9e

394 2262 619 2316 Visellia
665 2268 782 2317 tam
821 2264 1070 2328 maiores
1112 2278 1284 2332 quam
1324 2263 1574 2318 minores
1613 2276 1752 2318 XXX
1787 2278 2072 2318 annorum
2110 2278 2314 2317 manu-

374 2347 533 2400 missi
562 2351 616 2399 et
640 2345 837 2400 Latini
858 2344 1015 2415 facti
1041 2349 1135 2402 ius
1163 2345 1470 2413 Quiritium
1502 2338 1963 2417 adipiscuntur-,3
1991 2345 2042 2401 id
2070 2353 2153 2401 est
2174 2343 2316 2400 flunt

374 2431 523 2486 ciues
564 2427 809 2500 Romani,
851 2430 896 2483 si
936 2429 1138 2486 Romae
1184 2431 1328 2487 inter
1370 2430 1565 2505 uigiles
1607 2446 1702 2486 sex
1744 2430 1897 2484 annis
1939 2430 2311 2492 militauerint.

373 2523 567 2588 postea
608 2515 811 2571 dicitur
853 2513 1052 2570 sactum
1102 2532 1222 2572 esse
1263 2524 1482 2572 senatus
1526 2513 1854 2584 consultum,
1915 2531 2023 2587 quo
2065 2513 2187 2571 data
2230 2524 2316 2569 est

475 2709 523 2773 ¹)
561 2713 703 2775 ‘quia
726 2713 942 2761 scilicet’
969 2715 1052 2763 ed.
1078 2714 1177 2779 By.
1205 2725 1246 2765 5.
1269 2716 1614 2777 praecedente
1642 2715 1750 2763 ideo
1773 2729 1955 2777 parum
1979 2718 2119 2777 apte.
2191 2710 2240 2777 ²)
2268 2731 2312 2765 υ.

374 2788 527 2828 1—7.
570 2779 619 2828 V
620 2779 802 2841 estiffl'a
828 2778 885 2831 C.
910 2787 1112 2830 secutus
1135 2782 1436 2830 sententiam
1458 2782 1677 2844 perfect.
1716 2780 1857 2830 Edd.
1888 2788 2076 2830 tantum
2099 2780 2316 2830 habent:

373 2847 493 2895 ciuis
526 2848 748 2896 Romana
786 2871 847 2881 ·—·
884 2848 987 2911 ipse
1023 2849 1149 2897 filius
1182 2850 1320 2897 cuius
1351 2874 1421 2883 —
1453 2849 1591 2898 dehet
1615 2863 1805 2898 causam
1830 2848 2049 2912 probare,
2088 2855 2139 2896 ut
2162 2872 2223 2883 —
2255 2849 2315 2897 de

372 2915 469 2963 filio
495 2915 718 2964 anniculo
745 2914 887 2975 (ante
909 2916 1004 2965 hoc
1028 2916 1295 2966 uidebimus
1319 2916 1504 2966 Hollw.
1531 2916 1624 2979 ej.)
1650 2942 1715 2951 —
1740 2915 1880 2977 Quae
1904 2923 2185 2981 sequuntur
2210 2913 2314 2980 83.

370 2979 466 3033 32b.
489 2989 582 3030 320.
619 2992 687 3032 33.
713 2991 781 3031 3⁴.
813 2983 886 3031 ad
915 2997 1074 3047 usque
1099 2986 1251 3045 finem
1282 3000 1337 3048 p.
1364 2995 1389 3033 9
1422 2984 1489 3034 V.
1516 3000 1742 3048 magnum
1766 2999 1838 3033 εει·
1870 2982 1921 3031 V
1928 2983 1967 3016 εἰ
1999 2991 2316 3047 auymentum

369 3063 592 3107 sensere,
629 3050 768 3113 quod
788 3048 1000 3100 abiectis
1024 3052 1105 3115 iis,
1141 3068 1270 3116 quae
1294 3054 1347 3101 in
1371 3052 1489 3102 edd.
1515 3064 1554 3104 1.
1579 3062 1618 3100 2.
1644 3058 1943 3101 commentus
1968 3067 2126 3112 eram,
2159 3052 2317 3100 etiam

371 3131 476 3163 cum
493 3118 854 3179 supplementis
873 3115 1220 3182 Studemundi,
1237 3122 1427 3217 {mucis
1446 3128 1649 3177 tantum,
1671 3134 1801 3184 quae
1818 3119 2056 3181 indicavi,
2077 3125 2266 3183 except
2272 3122 2318 3168 is

370 3185 448 3232 vel
469 3184 690 3246 mutatis,
714 3183 828 3233 Jzuic
852 3186 934 3235 ed.
959 3187 1166 3242 inserui.
1260 3188 1282 3252 )
1320 3188 1473 3237 Haec
1507 3190 1577 3238 ad
1596 3187 1896 3237 sententiam
1922 3188 2035 3251 ipse
2058 3189 2316 3251 supplevi.

471 3336 522 3405 ξ.
547 3340 630 3389 30.
656 3337 736 3399 Cf.
762 3331 853 3401 33.
879 3347 946 3387 66.
970 3348 1038 3389 80.
1072 3340 1187 3405 Ulp.
1213 3349 1255 3400 3,
1281 3350 1321 3390 3.
1391 3336 1443 3405 ξ.
1469 3342 1556 3390 31.
1588 3338 1665 3399 Cf.
1700 3337 1813 3402 Uip.
1837 3349 1876 3398 3,
1904 3351 1944 3391 4.
1972 3341 2080 3400 Peg.
2107 3346 2152 3387 et
2178 3340 2317 3399 Pus.]

370 3407 440 3468 ef.
464 3419 503 3466 2,
530 3416 621 3458 254.
651 3403 703 3469 S.
728 3416 769 3457 5.
807 3405 857 3455 Ι.
883 3407 947 3455 de
970 3408 1140 3468 fideic.
1175 3409 1351 3457 her-ed.
1389 3413 1454 3470 (2,
1480 3404 1553 3470 23)
1589 3406 1934 3469 ‘Vespasiani
1957 3409 2090 3470 Any.
2116 3415 2315 3469 tempo-

369 3475 552 3525 ribus’.
655 3472 706 3541 ξ.
731 3476 815 3523 32.
852 3473 933 3536 Cf.
961 3474 1143 3525 Collat.
1171 3486 1237 3535 16,
1263 3486 1307 3527 3.
1341 3473 1437 3539 33.
1463 3484 1502 3527 7.
1530 3482 1591 3523 15.
1618 3473 1763 3535 infra
1785 3484 1828 3536 3,
1856 3484 1896 3524 5.
2002 3470 2058 3539 ξ.
2083 3475 2189 3523 32³.
2228 3473 2315 3533 Cf.

370 3542 510 3602 infra
535 3555 574 3603 1,
591 3552 656 3594 72.
713 3538 763 3607 ᾖ.
791 3539 901 3596 32¹⁰.
939 3542 1021 3604 Cf.
1051 3543 1169 3608 Ulp.
1193 3556 1236 3603 3,
1261 3552 1305 3594 5.
1328 3568 1395 3577 -
1422 3540 1819 3592 Orelli-Henzen
1846 3541 2013 3594 Inscr.
2046 3540 2160 3589 III.
2185 3551 2314 3594 6752.
