2546 3928
394 173 516 231 238
950 187 1076 222 ean
1116 188 1317 223 ms‘rrr.
1356 174 1449 223 IV.
1490 174 1770 225 176-179.
2498 215 2499 276 i

392 315 628 369 actiones
661 312 840 369 locum
872 311 1053 384 habet,
1087 321 1140 367 et
1172 320 1258 369 est
1290 312 1523 368 decimae
1546 314 1716 386 partis
1745 306 2093 386 'pecuniae,¹
2127 312 2325 367 aduer-

391 414 486 452 sus
518 396 804 453 interdicta
835 404 1015 453 autem
1046 406 1266 470 quartae
1297 397 1486 469 partis.
1544 391 1667 453 176.
1702 397 1819 453 Sed
1842 396 2068 453 liberum
2099 406 2182 452 est
2213 398 2320 466 illi,
2344 399 2459 456 [322]

392 498 514 537 cum
562 497 670 555 quo
716 482 930 554 agitur,
976 489 1069 537 aut
1112 481 1406 538 calumniae
1449 481 1704 537 iudicium
1747 497 2024 554 opponere
2066 488 2159 537 aut
2204 485 2326 537 ius-

391 567 701 622 iurandum
732 566 979 640 exigere,
1023 580 1131 621 non
1163 566 1458 622 calumniae
1489 582 1645 621 causa
1677 582 1857 639 agere.
1928 561 2047 623 177.
2094 564 2347 621 Contra--

250 664 373 714 249.
395 653 534 705 rium
581 657 756 705 autem
800 650 1054 707 iudicium
1096 667 1160 705 ex
1199 651 1361 706 certis
1415 651 1587 705 causis
1619 651 1998 722 constituitur,
2037 647 2049 726 1
2089 650 2244 706 uelut
2276 652 2328 705 si

390 735 704 790 iniuriarum
735 743 950 806 agatur,
986 743 1040 790 et
1071 736 1116 789 si
1147 751 1266 790 cum
1303 733 1524 791 muliere
1557 750 1622 790 eo
1656 736 1873 790 nomine
1904 743 2125 808 agatur,
2172 734 2325 807 quod

391 810 674 874 ’dicatur-²
717 820 921 874 uentris
964 820 1181 875 nomine
1224 820 1278 874 in
1319 819 1722 891 possessionem
1774 820 1934 874 missa
1990 818 2118 875 dolo
2177 817 2322 874 malo

392 902 457 958 ad
488 902 650 958 alium
683 904 1082 976 possessiouem
1114 901 1479 971 transtulisse,
1513 910 1569 957 et
1597 902 1644 957 si
1676 904 1794 976 quis
1828 920 1893 958 eo
1926 904 2144 958 nomine
2175 910 2322 975 agat,

391 986 541 1060 'quod
572 987 739 1057 dicat,
772 1004 832 1043 se
863 1004 891 1041 a
921 994 1171 1060 praetore
1202 989 1256 1043 in
1287 988 1689 1059 possessionem
1720 988 1945 1043 missum
1974 986 2038 1042 ab
2069 986 2176 1042 alio
2211 1003 2323 1060 quo

393 1071 683 1126 admissum
713 1087 824 1126 non
856 1088 995 1127 esse.
1029 1070 1125 1125 sed
1156 1070 1418 1125 aduersus
1449 1072 1761 1127 iniuriarum
1787 1070 2004 1144 quidem
2035 1071 2323 1127 ’actionem

394 1147 557 1211 eius3
598 1154 833 1210 decimae
865 1156 1030 1227 partis
1062 1154 1252 1227 datur,
1297 1153 1558 1210 aduersus
1588 1171 1720 1211 uero
1752 1155 1882 1210 duas
1914 1157 2047 1211 istas
2079 1156 2321 1229 quintae.
2500 1201 2501 1226 ¹

394 1234 521 1295 178.
571 1237 826 1295 Seuerior
869 1248 1049 1295 autem
1094 1240 1357 1296 coercitio
1404 1248 1485 1296 est
1531 1255 1629 1313 per
1672 1241 2001 1296 contrarium
2032 1240 2322 1296 iudicium:
2500 1237 2501 1252 ¹

395 1341 525 1379 nom
557 1323 852 1381 calumniae
884 1324 1079 1380 iudicio
1109 1342 1165 1381 x.
1196 1325 1364 1397 partis
1395 1340 1553 1381 nemo
1585 1323 1877 1381 damnatur
1906 1325 2009 1380 nisi
2040 1326 2133 1397 qui
2165 1324 2327 1379 intel·

394 1408 555 1483 legit,
588 1424 697 1463 non
717 1415 864 1464 recte
888 1425 947 1464 se
971 1425 1154 1482 agere,
1177 1408 1270 1463 sed
1297 1407 1521 1464 uexandi
1545 1409 1834 1465 aduersarii
1856 1410 2029 1483 gratia
2052 1410 2325 1465 actionem

390 1492 658 1561 instituit,
702 1494 996 1566 potiusque
1037 1509 1100 1548 ex
1143 1492 1334 1549 iudicis
1377 1508 1563 1549 errore
1605 1492 1690 1549 uel
1722 1494 2006 1566 iniquitate
2040 1494 2327 1549 uictoriam

391 1585 572 1649 sperat
616 1592 774 1649 quam
816 1594 876 1632 ex
910 1593 1070 1633 causa
1101 1578 1373 1633 ueritatis:
1417 1576 1678 1632 calumnia
1710 1578 1849 1633 enim
1883 1578 1936 1632 in
1968 1576 2183 1633 adfectu
2213 1585 2323 1648 est,

391 1662 532 1715 sicut
556 1660 703 1733 furti
735 1661 963 1717 crimen:
994 1662 1268 1718 contrario
1303 1678 1434 1717 uero
1466 1661 1661 1717 iudicio
1696 1661 2005 1717 omnimodo
2037 1661 2328 1717 damnatur

392 1751 572 1815 actor,
616 1743 668 1799 si'
702 1761 915 1800 causam
955 1762 1065 1801 non
1107 1748 1378 1816 tenuerit,
1420 1745 1546 1801 licet
1575 1745 1751 1820 aliqua
1780 1747 2035 1819 opinione
2065 1745 2324 1801 inductus

392 1827 713 1899 crediderit,
770 1845 830 1883 se
884 1837 1034 1884 recte
1089 1845 1269 1900 agere.
1357 1825 1480 1887 179.
1529 1829 1724 1904 Vtique
1779 1838 1956 1885 autem
2013 1846 2077 1885 ex
2124 1830 2323 1902 quibus

391 1912 564 1983 causis
611 1913 882 1969 contrario
927 1912 1125 1969 iudicio
1172 1914 1283 1988 'agi
1321 1908 1580 1987 potest,⁴¹
1637 1916 1795 1971 etiam
1841 1914 2135 1971 calumniae
2180 1915 2327 1971 iudi·

487 2081 498 2092 ·
528 2057 569 2125 ¹)
607 2060 676 2110 In
712 2061 767 2111 C.
793 2063 991 2112 videtur
1019 2061 1185 2124 fuisse
1219 2064 1358 2126 ᾗὲᾶ.
1400 2062 1477 2122 Gf.
1514 2061 1681 2126 8171.
1721 2067 1967 2114 ‘causae’
2004 2079 2074 2113 ex
2100 2060 2220 2116 Sav.
2248 2066 2323 2126 φ’.

390 2129 508 2178 edd.
545 2130 694 2177 etiam
725 2142 835 2178 mea
865 2131 1031 2193 prior.
1077 2129 1225 2180 Nunc
1256 2146 1377 2181 vero
1413 2127 1476 2194 (a
1512 2130 1918 2194 Studemundo?)
1954 2132 2080 2181 haee
2112 2132 2191 2180 ita
2224 2135 2329 2196 leyi

392 2204 437 2244 et
470 2204 539 2244 est
572 2197 787 2245 decimae
819 2199 967 2259 partis
1002 2196 1349 2262 (praeterquam
1384 2196 1529 2261 quod)
1567 2199 1793 2248 aduersus
1827 2200 2119 2248 adsertorem
2155 2201 2327 2249 tertiae

391 2264 538 2326 partis
574 2271 644 2311 est
675 2262 886 2326 Kritqer
925 2265 996 2314 ad
1026 2264 1230 2315 Kelleri
1259 2266 1402 2316 Ro'm.
1441 2265 1710 2330 Civilproc.
1748 2282 1801 2329 p.
1836 2276 1927 2317 245.
1964 2268 2044 2318 ed.
2076 2277 2119 2314 4.
2157 2273 2322 2317 notat.

392 2328 531 2378 Sane
563 2346 663 2393 pro
695 2333 926 2393 pecuniae
954 2331 1118 2392 fuerit
1149 2334 1202 2381 in
1227 2333 1283 2382 C.
1310 2341 1391 2398 ptq
1416 2352 1482 2372 =
1506 2342 1861 2397 praeterquam,
1887 2350 2016 2398 quae
2039 2342 2326 2398 sequuntur
2502 2330 2503 2359 ¹

390 2400 442 2446 in
480 2397 535 2446 C.
571 2413 682 2447 esse
714 2413 893 2460 posse,
927 2400 1198 2448 secundum
1238 2400 1421 2452 Gdsclz.
1452 2400 1683 2451 Sebeda-s
1724 2401 2063 2453 dubitandum.
2119 2402 2235 2453 Hoc
2276 2404 2328 2450 si

388 2466 660 2530 sequimur,
695 2468 953 2530 legendum
980 2467 1105 2516 erit:
1139 2475 1464 2533 praeterquam
1491 2470 1615 2531 quod
1640 2469 1865 2518 aduersus
1899 2470 2149 2519 interdicta
2178 2486 2323 2532 quar-

393 2540 465 2581 tae
489 2535 638 2596 partis
665 2541 751 2582 est.
793 2544 883 2586 176.
923 2535 1139 2584 Liberum
1176 2544 1245 2584 est
1280 2543 1445 2586 aulem
1480 2538 1530 2584 ei
1561 2535 1616 2600 (5
1644 2544 1765 2599 post
1798 2537 2046 2586 interdicta
2083 2538 2212 2585 male
2240 2553 2324 2587 re-

388 2599 590 2663 petita).
695 2598 737 2663 ²)
776 2602 959 2652 dicetur
986 2602 1042 2657 G.
1068 2605 1149 2652 ed.
1175 2602 1275 2666 By.
1382 2601 1422 2666 ⁸)
1462 2605 1604 2654 a—onis
1632 2604 1685 2657 G.
1714 2612 2003 2668 corruptum
2030 2620 2099 2653 ex
2128 2604 2192 2655 35
2221 2608 2324 2654 eius

391 2687 457 2708 =
499 2669 734 2717 actionem
778 2671 878 2718 eius
919 2672 954 2720 i.
990 2686 1034 2721 e.
1073 2673 1351 2733 pecuniae,
1402 2688 1547 2736 quam
1589 2673 1809 2721 continet
1855 2669 1944 2735 (ef.
1990 2672 2138 2726 Paul.
2184 2682 2235 2729 5,
2277 2683 2322 2728 4,

390 2734 463 2796 9),
508 2743 563 2784 ut
603 2737 653 2785 in
695 2738 1109 2787 condemnatione
1152 2741 1381 2788 incertae
1425 2741 1674 2802 pecuniae
1717 2736 1770 2801 S.
1806 2748 1870 2789 51.
1921 2741 2157 2789 actionem
2200 2741 2323 2790 edd.

393 2805 540 2851 etiam
559 2818 668 2852 mea
691 2804 854 2867 prior.
901 2805 1010 2854 Sed
1032 2808 1203 2869 possis
1230 2810 1380 2857 etiam
1401 2807 1680 2868 defendere
1707 2809 1919 2873 actiones
1945 2823 2015 2857 ex
2035 2807 2185 2859 Paul.
2209 2818 2250 2866 5,
2276 2819 2320 2867 4,

390 2880 507 2922 6-8.
597 2868 640 2934 4)
671 2886 811 2933 agere
829 2880 982 2935 potest
1000 2873 1056 2922 0.
1081 2875 1197 2925 edd.
1218 2873 1430 2937 (factum
1447 2890 1520 2927 sc.
1547 2891 1617 2924 ex
1635 2875 1778 2939 ogiffi}
1797 2877 1831 2927 ἰ.
1847 2891 1890 2926 e.
1912 2876 1985 2936 agi
2009 2883 2176 2938 potest.
2199 2883 2322 2925 nota

528 3003 580 3073 S.
612 3010 723 3059 176.
765 3007 843 3067 Cf.
870 3004 922 3070 S.
951 3018 1039 3060 179.
1083 3009 1142 3062 L.
1168 3019 1236 3059 44.
1263 3007 1317 3073 3.
1343 3021 1383 3063 4.
1420 3010 1488 3061 D.
1512 3010 1635 3071 fam.
1672 3025 1774 3061 erc.
1812 3006 1896 3072 (ιο,
1924 3010 1991 3072 2).
2031 3011 2180 3064 Paul.
2209 3020 2248 3067 2,
2278 3024 2320 3062 1.

394 3073 447 3136 ς,
481 3084 521 3122 2.
561 3074 726 3140 ibique
764 3081 867 3128 not.
933 3076 992 3128 L.
1027 3083 1095 3128 34.
1144 3075 1196 3139 3.
1231 3088 1272 3126 4.
1310 3078 1374 3128 L.
1409 3086 1475 3128 37.
1520 3077 1582 3131 D.
1618 3078 1681 3126 de
1716 3079 1858 3130 iurei.
1897 3075 1987 3139 (12,
2023 3078 2097 3141 2).
2136 3078 2214 3131 ·L.
2251 3090 2319 3129 ιι.

435 3181 445 3193 .
474 3154 514 3192 1.
553 3142 616 3201 Β.
651 3157 757 3192 rer.
792 3149 940 3194 amoc.
979 3137 1066 3204 (25,
1091 3144 1154 3201 2).
1196 3145 1258 3193 L.
1289 3155 1328 3194 5.
1365 3139 1418 3210 S.
1454 3155 1520 3196 14.
1568 3144 1633 3192 D.
1668 3147 1730 3194 de
1765 3161 1849 3208 op.
1886 3162 1933 3194 n.
1972 3154 2108 3196 nunt.
2140 3144 2227 3207 (39,
2258 3146 2320 3207 t).

389 3211 456 3260 L.
485 3219 507 3257 7
531 3225 612 3272 pr.
648 3209 713 3261 D.
743 3211 805 3259 de
831 3210 1011 3258 damno
1037 3211 1128 3272 inf.
1158 3208 1244 3273 (39,
1270 3210 1333 3271 2).
1375 3213 1438 3264 L;
1458 3223 1504 3277 79.
1544 3211 1598 3263 C.
1626 3212 1688 3261 de
1712 3213 1820 3264 reb.
1845 3214 1987 3266 cred.
2013 3212 2077 3278 (4,
2105 3214 2168 3275 1).
2211 3212 2322 3262 Cic.

387 3293 488 3340 pro
515 3277 664 3326 Rosc.
694 3276 827 3329 Com.
854 3288 875 3324 1
902 3277 993 3338 fin.
1131 3274 1185 3344 ξ.
1213 3281 1327 3331 177.
1365 3282 1406 3328 si
1444 3281 1608 3338 iuiur.]
1646 3279 1714 3341 cf.
1740 3280 1887 3330 Paul.
1921 3291 1965 3344 5,
1991 3292 2030 3333 4.
2070 3276 2121 3347 S.
2149 3293 2211 3329 11.
2249 3281 2359 3331 L.-

390 3355 456 3394 43.
493 3345 559 3392 D.
586 3345 649 3393 de
684 3346 834 3395 iniur.
862 3340 956 3406 (47,
984 3342 1070 3405 10).
1107 3349 1146 3394 si
1183 3361 1290 3395 cum
1326 3341 1545 3411 muliere]
1584 3349 1656 3409 cf.
1690 3350 1767 3396 tit.
1810 3350 1873 3399 D.
1909 3350 1958 3398 si
1990 3357 2151 3399 venir.
2190 3364 2326 3401 nom.
2376 3356 2401 3395 t.

391 3413 503 3464 mul.
531 3408 616 3470 (25,
645 3409 710 3474 5).
747 3413 870 3475 quod
897 3413 1023 3461 dicat
1049 3427 1100 3461 se
1126 3429 1152 3462 a
1177 3430 1246 3477 pr.
1308 3414 1375 3476 cf.
1407 3415 1482 3463 tit.
1523 3414 1587 3464 D.
1616 3431 1677 3464 ne
1710 3417 1785 3465 vis
1811 3418 1909 3477 siat
1932 3418 1997 3478 ei,
2025 3434 2074 3481 q.
2104 3419 2155 3466 in
2180 3432 2327 3479 poss.
2410 3410 2503 3477 &a

392 3476 478 3535 (43,
511 3476 577 3539 4).
714 3474 767 3545 §-
797 3480 907 3529 178.
951 3480 1026 3541 Cf.
1066 3481 1131 3529 L.
1159 3493 1200 3532 1.
1259 3479 1331 3543 ’3.
1359 3493 1397 3530 1.
1423 3491 1469 3530 3.
1494 3492 1536 3531 4.
1575 3483 1638 3535 D.
1675 3481 1875 3532 ad-SC.
1914 3483 2070 3547 Tur-p.
2105 3485 2324 3549 (48.16).

396 3542 458 3593 L.
486 3552 526 3590 3.
565 3543 621 3595 C.
650 3546 713 3593 de
738 3548 948 3595 calaum.
979 3546 1041 3610 (9,
1067 3547 1157 3610 465).
1198 3544 1332 3613 furti]
1373 3549 1441 3609 ef.
1467 3558 1509 3611 a,
1537 3559 1625 3601 197.
1765 3546 1816 3615 ἓ.
1847 3552 1960 3600 179.
2006 3552 2081 3612 Cf.
2110 3551 2164 3614 S.
2191 3563 2284 3607 176.
2338 3512 2501 3810 n
