2546 3928
1126 167 1304 202 GAIVS.
2094 151 2167 208 15

238 286 422 349 fallor,
466 291 594 336 actu
633 286 702 334 ab
729 285 978 348 Augusto
1016 285 1072 333 in
1111 301 1327 335 menses
1355 288 1597 335 aestivos
1631 291 1686 335 et
1711 286 1971 336 hibernos
1996 287 2173 336 diviso

239 355 410 417 (Suet.
449 356 589 418 Aug.
635 355 716 402 32.
757 353 950 401 Claud.
999 352 1124 414 23.)‚
1166 354 1258 416 qui
1298 355 1466 402 etiam
1510 354 1745 403 consilia
1781 355 2172 418 imperatorum

237 422 438 484 (Dione
479 425 624 469 teste
663 422 746 482 53,
784 421 865 468 21.
903 421 986 479 56,
1025 421 1106 468 28.
1147 421 1227 478 60,
1266 419 1324 478 4)
1362 427 1416 469 et
1452 421 1790 470 rescribendi
1827 437 1964 485 opus
2001 437 2173 470 seme-

237 490 375 538 stria
413 488 569 549 fecit,
610 494 665 537 et
706 503 772 535 ex
810 488 1091 536 Labeonis
1131 494 1259 536 noto
1302 488 1549 553 exemplo
1587 486 1671 552 (L.
1712 491 1760 539 2.
1795 489 1842 548 ἓ.
1878 491 1960 537 47.
2001 491 2067 536 D.
2106 488 2172 537 de

237 572 312 608 or.
351 556 455 605 iur.
498 557 543 614 1,
581 554 633 617 2)
680 555 737 603 in
774 569 931 603 usum
968 562 1216 616 venerat,
1265 560 1327 604 ut
1373 556 1506 604 iuris
1552 571 1762 620 quoque
1802 556 2039 605 studium
2078 571 2176 618 per

236 637 450 672 annuos
495 637 685 671 cursus
732 621 874 670 binis
914 636 1127 685 quoque
1175 637 1320 671 anno
1365 624 1553 687 pensis
1600 623 1893 673 distinctos
1929 623 2175 672 absolve-

235 696 403 740 retur.
493 691 569 740 Ut
614 691 790 754 igitur
840 705 872 736 a.
917 689 1137 737 traditis
1185 705 1349 752 quam
1398 690 1620 740 minime
1669 690 2004 751 deflecteret,
2052 706 2172 739 cum

233 758 653 807 Institutionum
678 755 810 804 libri
833 757 1045 820 integro
1073 771 1216 806 anno
1242 772 1349 805 non
1376 757 1715 820 sufficerent,
1750 758 2174 822 prudentissime

91 835 199 891 [93]
225 818 413 875 'Gaius
452 825 694 873 instituit
733 823 1089 888 exemploque
1127 839 1242 882 suo,
1282 830 1342 873 ut
1378 826 1587 888 opinor,
1637 825 1761 874 aliis
1800 841 2014 889 quoque
2054 840 2175 889 per-

236 892 432 953 suasit,
468 896 529 940 ut
566 892 653 952 iis,
694 906 835 954 quae
863 896 993 940 tunc
1023 896 1180 940 erant
1219 892 1524 942 studiorum
1561 894 1759 956 spatia,
1798 907 1974 942 novus
2000 907 2176 941 annus

235 961 396 1023 quasi
421 958 829 1023 praeficeretur,
866 959 1018 1022 isque
1057 960 1259 1023 partim
1295 960 1743 1010 Institutionibus
1782 961 1981 1024 partim
2022 965 2174 1023 quat-

232 1033 362 1076 tuor
397 1026 552 1076 libris
590 1026 962 1090 singularibus
998 1031 1377 1091 occuparetur.
1452 1026 1561 1076 Sed
1600 1027 1707 1076 etsi
1742 1027 1981 1092 placeat,
2030 1027 2174 1091 quod

232 1093 421 1143 multis
461 1110 528 1143 ex
565 1095 748 1142 causis
786 1092 1088 1143 verisimile
1127 1098 1230 1156 est,
1267 1095 1379 1142 iam
1418 1100 1549 1143 tunc
1582 1099 1709 1143 ante
1736 1096 1975 1144 edictum
2013 1110 2172 1158 prae-

232 1161 372 1210 toris
407 1162 492 1210 ius
531 1161 693 1210 civile
744 1177 809 1210 ex
859 1160 1016 1209 libris
1053 1162 1286 1210 Masurii
1326 1161 1521 1210 Sabini
1567 1164 1818 1213 semestri
1867 1178 2030 1211 cursu
2067 1167 2178 1210 tra-

234 1229 413 1277 ditum
462 1244 617 1290 esse,
655 1228 736 1277 ita
783 1244 994 1292 quoque
1055 1227 1228 1278 Gaius
1281 1229 1366 1279 his
1411 1230 1691 1279 incondite
1747 1230 1972 1293 scriptis
2018 1229 2176 1278 libris

233 1310 367 1344 suas
404 1296 572 1344 vicini
610 1296 920 1360 argumenti
955 1296 1346 1346 Institutiones
1386 1304 1442 1345 et
1479 1298 1649 1347 libros
1685 1296 2040 1362 singulares,¹
2078 1296 2173 1346 de-

230 1364 368 1412 hinc
405 1363 538 1411 anni
575 1378 727 1426 opus,
775 1363 1157 1426 subrogando2
1202 1365 1405 1427 optime
1452 1364 1517 1413 de
1567 1364 1767 1414 studiis
1811 1366 1948 1413 iuris
1993 1364 2176 1413 civilis

231 1431 471 1479 meritus
519 1434 622 1491 est,
668 1445 772 1478 nec
821 1431 1037 1478 omnino
1085 1430 1468 1489 dubitandum,
1517 1433 1656 1481 Gaio
1698 1432 1951 1495 inprimis
1988 1431 2178 1480 deberi

233 1512 367 1546 eum
405 1496 707 1544 studiorum
756 1496 1015 1555 ordinem,
1065 1511 1222 1558 quem
1259 1499 1602 1546 Iustinianus
1650 1498 1822 1546 tradit
1865 1499 2177 1560 primusque

228 1577 431 1613 rursus
477 1577 596 1610 cum
641 1562 761 1625 ipso
811 1563 990 1611 edicto
1037 1568 1300 1626 perpetuo
1345 1564 1670 1615 immutavit.
1752 1565 1827 1613 Et
1859 1580 2008 1614 *sane
2055 1579 2178 1613 con-

232 1636 573 1681 sentaneum
621 1636 754 1690 erat,
805 1630 952 1678 sicut
987 1631 1043 1677 in
1092 1632 1267 1694 prima
1315 1636 1504 1680 aetate
1551 1631 1741 1696 populi
1777 1633 2011 1681 Romani
2049 1632 2179 1680 duo-

234 1697 421 1746 decim
459 1696 769 1747 tabularum
806 1696 1044 1757 libellus,
1090 1699 1183 1762 qui
1227 1715 1346 1747 cum
1385 1698 1677 1762 pubertate
1718 1700 1837 1749 eius
1875 1700 2176 1763 prodierat,

234 1768 477 1815 exeunte
504 1764 714 1813 demum
741 1780 852 1828 rep.
882 1763 1062 1814 edicto
1090 1767 1362 1829 praetoris
1395 1773 1656 1827 cesserat,
1699 1768 1861 1817 etiam
1900 1768 1957 1815 in
1996 1767 2176 1816 altera

233 1837 427 1882 aetate
462 1832 698 1895 imperii,
748 1846 887 1896 quae
927 1833 1042 1881 eius
1078 1835 1134 1881 in
1173 1835 1465 1897 pubertate
1515 1836 1747 1884 maxime
1785 1834 1913 1884 Gaii
1950 1836 2174 1898 scriptis

234 1900 310 1950 ad
350 1899 670 1948 discendum
698 1899 1002 1963 composita
1041 1906 1162 1950 erat
1199 1901 1649 1964 iurisprudentia,
1691 1908 1923 1950 exeunte
1962 1902 2177 1950 demum

231 1968 469 2031 imperio
518 1968 812 2017 Iustiniani
859 1983 1037 2017 novae
1095 1970 1481 2033 compositioni
1535 1971 1746 2019 cedere.
1830 1973 1920 2030 At,
1971 1969 2173 2032 inquis,

230 2036 382 2084 haec
446 2036 646 2094 01111116,χ
682 2037 842 2085 certis
905 2037 1240 2085 testimoniis
1303 2052 1411 2086 non
1466 2037 1732 2085 nituntur.
1821 2036 2024 2095 Audi03
2081 2035 2177 2084 sed

231 2102 533 2151 maximam
582 2118 648 2151 ea
682 2103 900 2152 'habere
948 2103 1398 2166 probabilitatem
1436 2118 1544 2151 non
1582 2103 1752 2153 facile
1791 2104 2036 2168 negabit,
2087 2104 2178 2165 qui

231 2172 392 2234 ipsas
430 2184 534 2232 165,
585 2186 650 2218 ex
689 2170 881 2233 quibus
930 2176 1255 2234 argumenta
1304 2171 1570 2233 duximus,
1619 2175 1770 2220 recto
1808 2171 2015 2221 iudicio
2052 2187 2176 2235 per·

233 2237 516 2302 penderit.

386 2421 426 2483 1)
454 2425 503 2472 111
533 2424 692 2484 vulgus
719 2431 877 2472 notum
906 2432 988 2480 est,
1016 2426 1061 2473 in
1088 2426 1226 2473 libris
1253 2425 1312 2473 ad
1341 2426 1565 2474 Sabinum
1591 2425 1815 2472 materias
1840 2425 1896 2472 de
1923 2431 2176 2471 testamen·

242 2494 322 2547 iis,
354 2492 408 2540 (16
434 2492 617 2552 legam,
655 2492 734 2552 (de
758 2507 915 2540 rerum
942 2493 1339 2554 acquisitionibus
1368 2501 1412 2539 et
1438 2494 1494 2539 (16
1520 2490 1881 2548 contractibus),
1920 2490 1977 2537 de
2003 2490 2108 2536 dote
2134 2495 2178 2537 et

238 2562 299 2609 dc
329 2560 484 2607 tutelis
509 2561 775 2623 principem
812 2560 965 2607 locum
1002 2558 1281 2609 obtinuisse.
1334 2560 1428 2606 lam
1455 2573 1559 2605 eum
1587 2573 1655 2613 ea,
1682 2572 1800 2620 quae
1826 2558 1871 2605 in
1900 2558 2079 2605 scholis
2106 2558 2170 2605 lc·

235 2634 426 2686 guntur,
461 2642 568 2675 raro
603 2628 780 2676 absolvi
820 2628 1016 2682 soleant,
1055 2627 1194 2673 etiam
1221 2626 1307 2674 1165
1333 2627 1555 2673 materias
1580 2625 1720 2682 50165,
1758 2626 1974 2688 quamdiu
2010 2641 2063 2673 ex
2089 2626 2173 2674 Sa·

234 2696 358 2742 bino
394 2696 465 2742 ius
503 2696 643 2742 civile
680 2696 952 2749 traderetur,
982 2701 1203 2741 tractatas
1239 2708 1343 2742 esse
1376 2708 1574 2757 pronum
1609 2694 1666 2741 ad
1702 2694 2059 2742 existimandum
2091 2701 2174 2746 651,

238 2760 377 2817 Quod
410 2762 450 2809 si
485 2763 717 2823 ponimus
754 2776 873 2809 nova
902 2755 1100 2810 dbcendi
1136 2762 1255 2810 ratio
1292 2778 1317 2810 a
1354 2763 1470 2811 Gaio
1504 2763 1716 2810 instituta
1749 2776 1888 2824 quam
1924 2762 2115 2809 minime
2149 2776 2175 2807 a

238 2834 399 2875 vetere
420 2827 617 2885 deflexit,
646 2830 886 2891 magisque
913 2830 951 2876 61
981 2830 1160 2878 addidit
1185 2836 1377 2883 1611111111,
1402 2825 1729 2878 Institutiones
1749 2844 1857 2877 suas
1883 2829 2016 2891 quasi
2042 2841 2175 2890 προ-

238 2893 439 2957 οίμιον
464 2895 639 2944 Sabino
667 2894 810 2958 (nunc
835 2896 922 2943 llll
950 2896 1085 2944 libris
1110 2895 1447 2959 singularibus)
1485 2899 1762 2959 praefigens,
1792 2910 1930 2958 quam
1957 2895 2174 2943 detraxit.

238 2961 282 3025 ²)
320 2962 574 3023 Vestigium
602 2964 699 3011 eius
725 2964 792 3011 rei
821 2964 869 3011 in
897 2978 950 3011 eo
986 2978 1273 3023 cognoscere
1308 2965 1423 3012 mihi
1462 2965 1635 3018 videor,
1672 2964 1795 3026 quod
1822 2969 2000 3026 postea,
2037 2964 2175 3011 lusti-

236 3033 388 3079 niano
424 3030 470 3077 in
507 3040 658 3079 const.
706 3029 904 3079 Omnem
940 3032 1056 3093 reip.
1091 3028 1144 3092 S.
1168 3044 1206 3080 1.
1241 3038 1372 3086 teste,
1410 3032 1514 3080 Gaii
1541 3032 1862 3080 Institutiones
1892 3038 1936 3078 61
1960 3038 2177 3094 quattuor

234 3098 355 3148 libri
386 3097 649 3157 singulares
685 3099 1223 3158 ι”6011111111161·6116111111’,
1270 3100 1321 3147 id
1357 3106 1425 3147 651
1460 3114 1543 3161 pro
1580 3114 1669 3146 uno
1707 3098 1829 3147 libro
1866 3113 1904 3148 5.
1943 3099 2177 3146 volumine

234 3165 538 3214 habebantur
575 3162 742 3226 (sicuti
780 3166 942 3214 Sabini
971 3180 1085 3228 opus
1119 3164 1302 3228 fuerat)
1346 3167 1532 3214 scilicet
1565 3181 1618 3214 ex
1661 3181 1740 3221 sex
1775 3166 1886 3219 illis,
1930 3180 2046 3228 quos
2083 3171 2174 3211 tum

237 3250 295 3283 ex
335 3233 551 3281 universa
589 3233 969 3296 iurisprudentia‚
1007 3238 1147 3295 ‘quae
1180 3234 1228 3282 in
1262 3233 1491 3282 librorum
1520 3234 1609 3281 duo
1637 3230 1767 3282 milia
1803 3232 2176 3289 extendebatur',

237 3319 261 3350 a
302 3314 423 3348 voce
457 3301 679 3360 magistra
716 3302 912 3349 studiosi
950 3301 1249 3363 accipiebant
1298 3299 1463 3361 (ceteri
1501 3301 1625 3348 6111111
1659 3301 1862 3362 quinque
1895 3298 2008 3346 libri
2045 3304 2178 3344 erant

232 3371 414 3434 prima,
442 3368 660 3423 secunda,
700 3369 832 3416 tertia
857 3383 968 3431 pars
998 3369 1155 3422 edicti,
1192 3383 1417 3430 responsa
1445 3368 1691 3429 Papiniani
1719 3373 1763 3413 et
1786 3362 1975 3423 Paulli).
2028 3363 2175 3408 Mani-

238 3439 367 3487 16510
405 3450 564 3483 611016
600 3451 720 3484 1111116
748 3436 959 3499 plerique
983 3450 1062 3483 sex
1086 3436 1235 3483 libros
1259 3436 1369 3483 illos
1405 3435 1669 3492 intelligunt
1695 3433 1812 3478 duos
1838 3427 1913 3489 (ex
1940 3423 2175 3487 quattuor)

235 3504 350 3556 Gaii
383 3502 733 3551 Institutionum
761 3512 803 3552 et
829 3510 1046 3566 quattuor
1070 3503 1218 3550 libros
1244 3502 1525 3560 singulares,
