<?xml version="1.0" encoding="UTF-8"?>
<!DOCTYPE html PUBLIC "-//W3C//DTD XHTML 1.0 Transitional//EN"
    "http://www.w3.org/TR/xhtml1/DTD/xhtml1-transitional.dtd">
<html xmlns="http://www.w3.org/1999/xhtml" xml:lang="en" lang="en">
 <head>
  <title>
</title>
<meta http-equiv="Content-Type" content="text/html;charset=utf-8" />
  <meta name='ocr-system' content='tesseract 3.04.00' />
  <meta name='ocr-capabilities' content='ocr_page ocr_carea ocr_par ocr_line ocrx_word'/>
</head>
<body>
  <div class='ocr_page' id='page_1' title='image "./institutionumiu00gaiugoog_0050.png"; bbox 0 0 2546 3928; ppageno 0'>
   <div class='ocr_carea' id='block_1_1' title="bbox 375 264 1696 367">
    <p class='ocr_par' dir='ltr' id='par_1_1' title="bbox 375 264 1696 367">
     <span class='ocr_line' id='line_1_1' title="bbox 375 264 1696 367; baseline 0 -53"><span class='ocrx_word' id='word_1_1' title='bbox 375 265 458 320; x_wconf 84' lang='lat'>44</span> <span class='ocrx_word' id='word_1_2' title='bbox 992 278 1109 314; x_wconf 63' lang='lat' dir='ltr'>(un</span> <span class='ocrx_word' id='word_1_3' title='bbox 1145 278 1339 313; x_wconf 69' lang='lat' dir='ltr'>ms‘ri&#39;r.</span> <span class='ocrx_word' id='word_1_4' title='bbox 1377 264 1420 313; x_wconf 91' lang='lat'>1.</span> <span class='ocrx_word' id='word_1_5' title='bbox 1458 266 1696 367; x_wconf 52' lang='lat'><strong>82—90.</strong></span> 
     </span>
    </p>
   </div>
   <div class='ocr_carea' id='block_1_2' title="bbox 265 400 2447 2927">
    <p class='ocr_par' dir='ltr' id='par_1_2' title="bbox 374 400 2321 1235">
     <span class='ocr_line' id='line_1_2' title="bbox 376 400 2317 477; baseline -0.002 -17"><span class='ocrx_word' id='word_1_6' title='bbox 376 411 621 475; x_wconf 82' lang='lat' dir='ltr'>cauetur,</span> <span class='ocrx_word' id='word_1_7' title='bbox 664 412 722 458; x_wconf 91' lang='lat' dir='ltr'>ut</span> <span class='ocrx_word' id='word_1_8' title='bbox 754 404 800 458; x_wconf 90' lang='lat' dir='ltr'>si</span> <span class='ocrx_word' id='word_1_9' title='bbox 832 404 950 477; x_wconf 88' lang='lat' dir='ltr'>quis</span> <span class='ocrx_word' id='word_1_10' title='bbox 983 419 1103 459; x_wconf 89' lang='lat' dir='ltr'>cum</span> <span class='ocrx_word' id='word_1_11' title='bbox 1136 403 1311 458; x_wconf 86' lang='lat' dir='ltr'>aliena</span> <span class='ocrx_word' id='word_1_12' title='bbox 1341 403 1550 475; x_wconf 77' lang='lat' dir='ltr'>ancilla,</span> <span class='ocrx_word' id='word_1_13' title='bbox 1596 420 1755 476; x_wconf 82' lang='lat' dir='ltr'>quam</span> <span class='ocrx_word' id='word_1_14' title='bbox 1794 401 2047 458; x_wconf 85' lang='lat' dir='ltr'>credebat</span> <span class='ocrx_word' id='word_1_15' title='bbox 2087 400 2317 457; x_wconf 83' lang='lat' dir='ltr'>liberam</span> 
     </span>
     <span class='ocr_line' id='line_1_3' title="bbox 376 486 2315 561; baseline -0.001 -18"><span class='ocrx_word' id='word_1_16' title='bbox 376 504 519 558; x_wconf 86' lang='lat' dir='ltr'>esse,</span> <span class='ocrx_word' id='word_1_17' title='bbox 561 489 769 556; x_wconf 80' lang='lat' dir='ltr'>coierit,</span> <span class='ocrx_word' id='word_1_18' title='bbox 813 487 1077 561; x_wconf 82' lang='lat' dir='ltr'>siquidem</span> <span class='ocrx_word' id='word_1_19' title='bbox 1119 486 1343 542; x_wconf 90' lang='lat' dir='ltr'>masculi</span> <span class='ocrx_word' id='word_1_20' title='bbox 1386 495 1695 558; x_wconf 80' lang='lat' dir='ltr'>nascantur,</span> <span class='ocrx_word' id='word_1_21' title='bbox 1737 487 1893 543; x_wconf 86' lang='lat' dir='ltr'>liberi</span> <span class='ocrx_word' id='word_1_22' title='bbox 1924 487 2053 556; x_wconf 88' lang='lat' dir='ltr'>sint,</span> <span class='ocrx_word' id='word_1_23' title='bbox 2099 487 2144 540; x_wconf 93' lang='lat' dir='ltr'>si</span> <span class='ocrx_word' id='word_1_24' title='bbox 2178 503 2315 541; x_wconf 89' lang='lat' dir='ltr'>uero</span> 
     </span>
     <span class='ocr_line' id='line_1_4' title="bbox 377 571 2321 645; baseline -0.001 -18"><span class='ocrx_word' id='word_1_25' title='bbox 377 572 624 643; x_wconf 80' lang='lat' dir='ltr'>feminae,</span> <span class='ocrx_word' id='word_1_26' title='bbox 657 572 720 627; x_wconf 85' lang='lat' dir='ltr'>ad</span> <span class='ocrx_word' id='word_1_27' title='bbox 751 589 874 629; x_wconf 83' lang='lat' dir='ltr'>eum</span> <span class='ocrx_word' id='word_1_28' title='bbox 906 574 1231 645; x_wconf 84' lang='lat' dir='ltr'>pertineant,</span> <span class='ocrx_word' id='word_1_29' title='bbox 1277 573 1428 626; x_wconf 91' lang='lat' dir='ltr'>cuius</span> <span class='ocrx_word' id='word_1_30' title='bbox 1461 581 1632 628; x_wconf 82' lang='lat' dir='ltr'>mater</span> <span class='ocrx_word' id='word_1_31' title='bbox 1662 572 1853 627; x_wconf 88' lang='lat' dir='ltr'>ancilla</span> <span class='ocrx_word' id='word_1_32' title='bbox 1886 571 2070 627; x_wconf 83' lang='lat' dir='ltr'>fuerit.</span> <span class='ocrx_word' id='word_1_33' title='bbox 2132 571 2231 626; x_wconf 90' lang='lat' dir='ltr'>sed</span> <span class='ocrx_word' id='word_1_34' title='bbox 2265 580 2321 626; x_wconf 92' lang='lat' dir='ltr'>et</span> 
     </span>
     <span class='ocr_line' id='line_1_5' title="bbox 377 656 2314 730; baseline -0.002 -18"><span class='ocrx_word' id='word_1_35' title='bbox 377 659 432 712; x_wconf 91' lang='lat' dir='ltr'>in</span> <span class='ocrx_word' id='word_1_36' title='bbox 464 657 563 712; x_wconf 82' lang='lat' dir='ltr'>hac</span> <span class='ocrx_word' id='word_1_37' title='bbox 594 659 772 730; x_wconf 87' lang='lat' dir='ltr'>specie</span> <span class='ocrx_word' id='word_1_38' title='bbox 802 656 960 712; x_wconf 90' lang='lat' dir='ltr'>diuus</span> <span class='ocrx_word' id='word_1_39' title='bbox 989 656 1365 729; x_wconf 83' lang='lat' dir='ltr'>Vespasianus,</span> <span class='ocrx_word' id='word_1_40' title='bbox 1397 657 1723 730; x_wconf 85' lang='lat' dir='ltr'>inelegantia</span> <span class='ocrx_word' id='word_1_41' title='bbox 1753 658 1885 712; x_wconf 91' lang='lat' dir='ltr'>iuris</span> <span class='ocrx_word' id='word_1_42' title='bbox 1916 663 2117 725; x_wconf 89' lang='lat' dir='ltr'>motus,</span> <span class='ocrx_word' id='word_1_43' title='bbox 2151 656 2314 710; x_wconf 87' lang='lat' dir='ltr'>resti-</span> 
     </span>
     <span class='ocr_line' id='line_1_6' title="bbox 375 739 2314 815; baseline -0.001 -18"><span class='ocrx_word' id='word_1_44' title='bbox 375 742 484 797; x_wconf 84' lang='lat' dir='ltr'>tuit</span> <span class='ocrx_word' id='word_1_45' title='bbox 533 742 664 796; x_wconf 86' lang='lat' dir='ltr'>iuris</span> <span class='ocrx_word' id='word_1_46' title='bbox 717 741 1282 815; x_wconf 51' lang='lat' dir='ltr'>gentiuurregulam,</span> <span class='ocrx_word' id='word_1_47' title='bbox 1335 748 1395 795; x_wconf 93' lang='lat' dir='ltr'>ut</span> <span class='ocrx_word' id='word_1_48' title='bbox 1448 739 1778 812; x_wconf 83' lang='lat' dir='ltr'>omnimodo,</span> <span class='ocrx_word' id='word_1_49' title='bbox 1834 740 2039 796; x_wconf 89' lang='lat' dir='ltr'>etiamsi</span> <span class='ocrx_word' id='word_1_50' title='bbox 2085 739 2314 795; x_wconf 86' lang='lat' dir='ltr'>masculi</span> 
     </span>
     <span class='ocr_line' id='line_1_7' title="bbox 377 814 2312 897; baseline -0.001 -17"><span class='ocrx_word' id='word_1_51' title='bbox 377 834 688 896; x_wconf 79' lang='lat' dir='ltr'>nascantur,</span> <span class='ocrx_word' id='word_1_52' title='bbox 719 828 865 882; x_wconf 89' lang='lat' dir='ltr'>serui</span> <span class='ocrx_word' id='word_1_53' title='bbox 897 814 1007 881; x_wconf 87' lang='lat' dir='ltr'>sint</span> <span class='ocrx_word' id='word_1_54' title='bbox 1037 827 1174 897; x_wconf 78' lang='lat' dir='ltr'>eius,</span> <span class='ocrx_word' id='word_1_55' title='bbox 1207 827 1361 881; x_wconf 91' lang='lat' dir='ltr'>cuius</span> <span class='ocrx_word' id='word_1_56' title='bbox 1392 833 1448 880; x_wconf 91' lang='lat' dir='ltr'>et</span> <span class='ocrx_word' id='word_1_57' title='bbox 1477 834 1647 881; x_wconf 84' lang='lat' dir='ltr'>mater</span> <span class='ocrx_word' id='word_1_58' title='bbox 1681 825 1858 881; x_wconf 78' lang='lat' dir='ltr'>suerit.</span> <span class='ocrx_word' id='word_1_59' title='bbox 1935 819 2033 880; x_wconf 87' lang='grc'>86.</span> <span class='ocrx_word' id='word_1_60' title='bbox 2083 823 2189 879; x_wconf 83' lang='lat' dir='ltr'>Sed</span> <span class='ocrx_word' id='word_1_61' title='bbox 2218 823 2312 879; x_wconf 87' lang='lat' dir='ltr'>illa</span> 
     </span>
     <span class='ocr_line' id='line_1_8' title="bbox 377 908 2310 984; baseline -0.002 -19"><span class='ocrx_word' id='word_1_62' title='bbox 377 926 500 984; x_wconf 86' lang='lat' dir='ltr'>pars</span> <span class='ocrx_word' id='word_1_63' title='bbox 519 910 757 965; x_wconf 87' lang='lat' dir='ltr'>eiusdem</span> <span class='ocrx_word' id='word_1_64' title='bbox 783 910 920 984; x_wconf 85' lang='lat' dir='ltr'>legis</span> <span class='ocrx_word' id='word_1_65' title='bbox 943 910 1095 965; x_wconf 86' lang='lat' dir='ltr'><strong>salua</strong></span> <span class='ocrx_word' id='word_1_66' title='bbox 1125 917 1230 981; x_wconf 81' lang='lat' dir='ltr'>est,</span> <span class='ocrx_word' id='word_1_67' title='bbox 1263 918 1325 965; x_wconf 92' lang='lat' dir='ltr'>ut</span> <span class='ocrx_word' id='word_1_68' title='bbox 1356 926 1419 965; x_wconf 88' lang='lat' dir='ltr'>ex</span> <span class='ocrx_word' id='word_1_69' title='bbox 1450 909 1617 966; x_wconf 88' lang='lat' dir='ltr'>libera</span> <span class='ocrx_word' id='word_1_70' title='bbox 1647 916 1703 966; x_wconf 87' lang='lat' dir='ltr'>et</span> <span class='ocrx_word' id='word_1_71' title='bbox 1732 926 1894 965; x_wconf 88' lang='lat' dir='ltr'>seruo</span> <span class='ocrx_word' id='word_1_72' title='bbox 1920 908 2114 974; x_wconf 88' lang='lat' dir='ltr'>alieno,</span> <span class='ocrx_word' id='word_1_73' title='bbox 2148 924 2310 980; x_wconf 89' lang='lat' dir='ltr'>quem</span> 
     </span>
     <span class='ocr_line' id='line_1_9' title="bbox 376 992 2311 1067; baseline -0.001 -19"><span class='ocrx_word' id='word_1_74' title='bbox 376 994 582 1050; x_wconf 89' lang='lat' dir='ltr'>sciehat</span> <span class='ocrx_word' id='word_1_75' title='bbox 610 1011 830 1049; x_wconf 89' lang='lat' dir='ltr'>seruum</span> <span class='ocrx_word' id='word_1_76' title='bbox 863 1010 1004 1066; x_wconf 82' lang='lat' dir='ltr'>esse,</span> <span class='ocrx_word' id='word_1_77' title='bbox 1046 996 1194 1050; x_wconf 88' lang='lat' dir='ltr'>serui</span> <span class='ocrx_word' id='word_1_78' title='bbox 1236 1002 1543 1050; x_wconf 84' lang='lat' dir='ltr'>nascantur.</span> <span class='ocrx_word' id='word_1_79' title='bbox 1610 995 1791 1067; x_wconf 89' lang='lat' dir='ltr'>itaque</span> <span class='ocrx_word' id='word_1_80' title='bbox 1833 993 1974 1067; x_wconf 87' lang='lat' dir='ltr'>apud</span> <span class='ocrx_word' id='word_1_81' title='bbox 2018 1009 2153 1066; x_wconf 89' lang='lat' dir='ltr'>quos</span> <span class='ocrx_word' id='word_1_82' title='bbox 2187 992 2311 1048; x_wconf 84' lang='lat' dir='ltr'>talis</span> 
     </span>
     <span class='ocr_line' id='line_1_10' title="bbox 376 1077 2310 1152; baseline -0.001 -19"><span class='ocrx_word' id='word_1_83' title='bbox 376 1079 461 1133; x_wconf 81' lang='lat' dir='ltr'>lex</span> <span class='ocrx_word' id='word_1_84' title='bbox 505 1095 613 1133; x_wconf 90' lang='lat' dir='ltr'>non</span> <span class='ocrx_word' id='word_1_85' title='bbox 655 1088 760 1149; x_wconf 81' lang='lat' dir='ltr'>est,</span> <span class='ocrx_word' id='word_1_86' title='bbox 816 1081 906 1151; x_wconf 90' lang='lat' dir='ltr'>qui</span> <span class='ocrx_word' id='word_1_87' title='bbox 948 1083 1209 1148; x_wconf 82' lang='lat' dir='ltr'>nascitur,</span> <span class='ocrx_word' id='word_1_88' title='bbox 1259 1081 1376 1134; x_wconf 89' lang='lat' dir='ltr'>iure</span> <span class='ocrx_word' id='word_1_89' title='bbox 1417 1080 1659 1152; x_wconf 87' lang='lat' dir='ltr'>gentium</span> <span class='ocrx_word' id='word_1_90' title='bbox 1706 1079 1890 1133; x_wconf 88' lang='lat' dir='ltr'>matris</span> <span class='ocrx_word' id='word_1_91' title='bbox 1934 1077 2310 1134; x_wconf 87' lang='lat' dir='ltr'>condicionem</span> 
     </span>
     <span class='ocr_line' id='line_1_11' title="bbox 374 1162 1192 1235; baseline 0.004 -18"><span class='ocrx_word' id='word_1_92' title='bbox 374 1164 629 1235; x_wconf 80' lang='lat' dir='ltr'>sequitur</span> <span class='ocrx_word' id='word_1_93' title='bbox 657 1172 712 1218; x_wconf 87' lang='lat' dir='ltr'>et</span> <span class='ocrx_word' id='word_1_94' title='bbox 743 1162 812 1218; x_wconf 91' lang='lat' dir='ltr'>ob</span> <span class='ocrx_word' id='word_1_95' title='bbox 843 1163 894 1218; x_wconf 84' lang='lat' dir='ltr'>id</span> <span class='ocrx_word' id='word_1_96' title='bbox 925 1162 1060 1218; x_wconf 88' lang='lat' dir='ltr'>liber</span> <span class='ocrx_word' id='word_1_97' title='bbox 1089 1171 1192 1221; x_wconf 90' lang='lat' dir='ltr'>est.</span> 
     </span>
    </p>

    <p class='ocr_par' dir='ltr' id='par_1_3' title="bbox 374 1242 2313 1996">
     <span class='ocr_line' id='line_1_12' title="bbox 500 1242 2313 1320; baseline -0.001 -17"><span class='ocrx_word' id='word_1_98' title='bbox 500 1242 593 1303; x_wconf 78' lang='lat'>87.</span> <span class='ocrx_word' id='word_1_99' title='bbox 640 1244 840 1312; x_wconf 87' lang='lat' dir='ltr'><strong>Quibus</strong></span> <span class='ocrx_word' id='word_1_100' title='bbox 883 1255 1062 1302; x_wconf 89' lang='lat' dir='ltr'>autem</span> <span class='ocrx_word' id='word_1_101' title='bbox 1105 1247 1318 1302; x_wconf 78' lang='lat' dir='ltr'>casibus</span> <span class='ocrx_word' id='word_1_102' title='bbox 1361 1249 1546 1303; x_wconf 82' lang='lat' dir='ltr'>matris</span> <span class='ocrx_word' id='word_1_103' title='bbox 1590 1256 1644 1302; x_wconf 91' lang='lat' dir='ltr'>et</span> <span class='ocrx_word' id='word_1_104' title='bbox 1689 1264 1798 1302; x_wconf 92' lang='lat' dir='ltr'>non</span> <span class='ocrx_word' id='word_1_105' title='bbox 1840 1247 2006 1320; x_wconf 84' lang='lat' dir='ltr'>patris</span> <span class='ocrx_word' id='word_1_106' title='bbox 2038 1246 2313 1302; x_wconf 88' lang='lat' dir='ltr'>condicio-</span> 
     </span>
     <span class='ocr_line' id='line_1_13' title="bbox 375 1331 2309 1407; baseline -0.001 -21"><span class='ocrx_word' id='word_1_107' title='bbox 375 1348 497 1387; x_wconf 85' lang='lat' dir='ltr'>nem</span> <span class='ocrx_word' id='word_1_108' title='bbox 539 1333 788 1405; x_wconf 90' lang='lat' dir='ltr'>sequitur</span> <span class='ocrx_word' id='word_1_109' title='bbox 841 1333 934 1406; x_wconf 89' lang='lat' dir='ltr'>qui</span> <span class='ocrx_word' id='word_1_110' title='bbox 977 1333 1236 1402; x_wconf 79' lang='lat' dir='ltr'>nascitur,</span> <span class='ocrx_word' id='word_1_111' title='bbox 1288 1331 1479 1386; x_wconf 84' lang='lat' dir='ltr'>iisdem</span> <span class='ocrx_word' id='word_1_112' title='bbox 1523 1331 1733 1387; x_wconf 82' lang='lat' dir='ltr'><strong>casibus</strong></span> <span class='ocrx_word' id='word_1_113' title='bbox 1776 1333 1832 1407; x_wconf 81' lang='lat' dir='ltr'>in</span> <span class='ocrx_word' id='word_1_114' title='bbox 1870 1338 2144 1404; x_wconf 79' lang='lat' dir='ltr'><strong>potestate</strong></span> <span class='ocrx_word' id='word_1_115' title='bbox 2183 1347 2309 1386; x_wconf 89' lang='lat' dir='ltr'>eum</span> 
     </span>
     <span class='ocr_line' id='line_1_14' title="bbox 374 1415 2311 1489; baseline -0.001 -18"><span class='ocrx_word' id='word_1_116' title='bbox 374 1418 566 1489; x_wconf 78' lang='lat' dir='ltr'>patriS,</span> <span class='ocrx_word' id='word_1_117' title='bbox 597 1417 801 1472; x_wconf 88' lang='lat' dir='ltr'>etiamsi</span> <span class='ocrx_word' id='word_1_118' title='bbox 833 1418 878 1472; x_wconf 90' lang='lat' dir='ltr'>is</span> <span class='ocrx_word' id='word_1_119' title='bbox 908 1417 1043 1471; x_wconf 92' lang='lat' dir='ltr'>ciuis</span> <span class='ocrx_word' id='word_1_120' title='bbox 1075 1415 1347 1471; x_wconf 84' lang='lat' dir='ltr'>Romanus</span> <span class='ocrx_word' id='word_1_121' title='bbox 1379 1417 1471 1486; x_wconf 82' lang='lat' dir='ltr'>sit,</span> <span class='ocrx_word' id='word_1_122' title='bbox 1509 1432 1618 1470; x_wconf 91' lang='lat' dir='ltr'>non</span> <span class='ocrx_word' id='word_1_123' title='bbox 1649 1432 1770 1471; x_wconf 90' lang='lat' dir='ltr'>esse</span> <span class='ocrx_word' id='word_1_124' title='bbox 1803 1415 1921 1488; x_wconf 89' lang='lat' dir='ltr'>plus</span> <span class='ocrx_word' id='word_1_125' title='bbox 1953 1432 2112 1488; x_wconf 86' lang='lat' dir='ltr'>quam</span> <span class='ocrx_word' id='word_1_126' title='bbox 2144 1417 2311 1470; x_wconf 88' lang='lat' dir='ltr'>mani-</span> 
     </span>
     <span class='ocr_line' id='line_1_15' title="bbox 377 1498 2305 1574; baseline -0.001 -18"><span class='ocrx_word' id='word_1_127' title='bbox 377 1502 574 1558; x_wconf 82' lang='lat' dir='ltr'>festum</span> <span class='ocrx_word' id='word_1_128' title='bbox 617 1509 718 1557; x_wconf 88' lang='lat' dir='ltr'>est.</span> <span class='ocrx_word' id='word_1_129' title='bbox 793 1511 848 1557; x_wconf 87' lang='lat' dir='ltr'>et</span> <span class='ocrx_word' id='word_1_130' title='bbox 888 1500 1008 1557; x_wconf 84' lang='lat' dir='ltr'>ideo</span> <span class='ocrx_word' id='word_1_131' title='bbox 1054 1502 1306 1574; x_wconf 86' lang='lat' dir='ltr'>superius</span> <span class='ocrx_word' id='word_1_132' title='bbox 1347 1500 1676 1570; x_wconf 65' lang='lat' dir='ltr'>rettulimus,</span> <span class='ocrx_word' id='word_1_133' title='bbox 1733 1498 2049 1573; x_wconf 84' lang='lat' dir='ltr'>quibusdam</span> <span class='ocrx_word' id='word_1_134' title='bbox 2093 1499 2305 1555; x_wconf 85' lang='lat' dir='ltr'><strong>casibus</strong></span> 
     </span>
     <span class='ocr_line' id='line_1_16' title="bbox 375 1585 2310 1661; baseline -0.003 -18"><span class='ocrx_word' id='word_1_135' title='bbox 375 1604 474 1661; x_wconf 90' lang='lat' dir='ltr'>per</span> <span class='ocrx_word' id='word_1_136' title='bbox 515 1602 753 1642; x_wconf 87' lang='lat' dir='ltr'>errorem</span> <span class='ocrx_word' id='word_1_137' title='bbox 796 1603 905 1642; x_wconf 88' lang='lat' dir='ltr'>nou</span> <span class='ocrx_word' id='word_1_138' title='bbox 951 1587 1095 1641; x_wconf 90' lang='lat' dir='ltr'>iusto</span> <span class='ocrx_word' id='word_1_139' title='bbox 1140 1593 1422 1642; x_wconf 88' lang='lat' dir='ltr'>contracto</span> <span class='ocrx_word' id='word_1_140' title='bbox 1467 1586 1808 1641; x_wconf 90' lang='lat' dir='ltr'>matrimonio</span> <span class='ocrx_word' id='word_1_141' title='bbox 1853 1592 2099 1639; x_wconf 89' lang='lat' dir='ltr'>senatum</span> <span class='ocrx_word' id='word_1_142' title='bbox 2144 1585 2310 1639; x_wconf 87' lang='lat' dir='ltr'>inter-</span> 
     </span>
     <span class='ocr_line' id='line_1_17' title="bbox 374 1667 2311 1742; baseline -0.002 -16"><span class='ocrx_word' id='word_1_143' title='bbox 374 1672 564 1726; x_wconf 86' lang='lat' dir='ltr'>uenire</span> <span class='ocrx_word' id='word_1_144' title='bbox 605 1679 660 1725; x_wconf 90' lang='lat' dir='ltr'>et</span> <span class='ocrx_word' id='word_1_145' title='bbox 700 1670 982 1726; x_wconf 87' lang='lat' dir='ltr'>emendare</span> <span class='ocrx_word' id='word_1_146' title='bbox 1027 1672 1215 1726; x_wconf 89' lang='lat' dir='ltr'>uitium</span> <span class='ocrx_word' id='word_1_147' title='bbox 1249 1669 1595 1741; x_wconf 76' lang='lat' dir='ltr'>matrimonii,</span> <span class='ocrx_word' id='word_1_148' title='bbox 1638 1685 1814 1742; x_wconf 89' lang='lat' dir='ltr'>eoque</span> <span class='ocrx_word' id='word_1_149' title='bbox 1850 1668 2011 1724; x_wconf 88' lang='lat' dir='ltr'>modo</span> <span class='ocrx_word' id='word_1_150' title='bbox 2054 1667 2311 1741; x_wconf 84' lang='lat' dir='ltr'>’plerum-</span> 
     </span>
     <span class='ocr_line' id='line_1_18' title="bbox 377 1747 2306 1830; baseline -0.001 -20"><span class='ocrx_word' id='word_1_151' title='bbox 377 1747 518 1830; x_wconf 81' lang='lat' dir='ltr'>que¹</span> <span class='ocrx_word' id='word_1_152' title='bbox 562 1752 798 1824; x_wconf 75' lang='lat' dir='ltr'>efficere,</span> <span class='ocrx_word' id='word_1_153' title='bbox 840 1761 900 1808; x_wconf 89' lang='lat' dir='ltr'>ut</span> <span class='ocrx_word' id='word_1_154' title='bbox 940 1755 993 1807; x_wconf 91' lang='lat' dir='ltr'>in</span> <span class='ocrx_word' id='word_1_155' title='bbox 1035 1761 1365 1827; x_wconf 86' lang='lat' dir='ltr'>potestatem</span> <span class='ocrx_word' id='word_1_156' title='bbox 1410 1754 1577 1825; x_wconf 87' lang='lat' dir='ltr'>patris</span> <span class='ocrx_word' id='word_1_157' title='bbox 1623 1751 1763 1808; x_wconf 84' lang='lat' dir='ltr'>filius</span> <span class='ocrx_word' id='word_1_158' title='bbox 1803 1753 2101 1827; x_wconf 81' lang='lat' dir='ltr'>redigatur.</span> <span class='ocrx_word' id='word_1_159' title='bbox 2207 1749 2306 1808; x_wconf 87' lang='grc'>88.</span> 
     </span>
     <span class='ocr_line' id='line_1_19' title="bbox 376 1836 2312 1910; baseline -0.001 -17"><span class='ocrx_word' id='word_1_160' title='bbox 376 1838 480 1893; x_wconf 86' lang='lat' dir='ltr'>Sed</span> <span class='ocrx_word' id='word_1_161' title='bbox 525 1836 797 1892; x_wconf 87' lang='lat' dir='ltr'>si.ancilla</span> <span class='ocrx_word' id='word_1_162' title='bbox 840 1853 903 1893; x_wconf 83' lang='lat' dir='ltr'>ex</span> <span class='ocrx_word' id='word_1_163' title='bbox 946 1839 1064 1892; x_wconf 89' lang='lat' dir='ltr'>ciue</span> <span class='ocrx_word' id='word_1_164' title='bbox 1095 1837 1335 1892; x_wconf 86' lang='lat' dir='ltr'>Romano</span> <span class='ocrx_word' id='word_1_165' title='bbox 1379 1839 1705 1910; x_wconf 80' lang='lat' dir='ltr'>conceperit,</span> <span class='ocrx_word' id='word_1_166' title='bbox 1748 1838 1941 1893; x_wconf 87' lang='lat' dir='ltr'>deinde</span> <span class='ocrx_word' id='word_1_167' title='bbox 1984 1839 2312 1893; x_wconf 85' lang='lat' dir='ltr'>manumissa</span> 
     </span>
     <span class='ocr_line' id='line_1_20' title="bbox 376 1920 2313 1996; baseline -0.001 -16"><span class='ocrx_word' id='word_1_168' title='bbox 376 1924 510 1980; x_wconf 89' lang='lat' dir='ltr'>ciuis</span> <span class='ocrx_word' id='word_1_169' title='bbox 540 1920 774 1978; x_wconf 85' lang='lat' dir='ltr'>Romana</span> <span class='ocrx_word' id='word_1_170' title='bbox 805 1921 946 1978; x_wconf 85' lang='lat' dir='ltr'>facta</span> <span class='ocrx_word' id='word_1_171' title='bbox 976 1923 1066 1992; x_wconf 85' lang='lat' dir='ltr'>sit,</span> <span class='ocrx_word' id='word_1_172' title='bbox 1110 1930 1164 1978; x_wconf 90' lang='lat' dir='ltr'>et</span> <span class='ocrx_word' id='word_1_173' title='bbox 1200 1928 1329 1979; x_wconf 88' lang='lat' dir='ltr'>tunc</span> <span class='ocrx_word' id='word_1_174' title='bbox 1365 1922 1557 1996; x_wconf 87' lang='lat' dir='ltr'>pariat,</span> <span class='ocrx_word' id='word_1_175' title='bbox 1602 1922 1728 1979; x_wconf 88' lang='lat' dir='ltr'>licet</span> <span class='ocrx_word' id='word_1_176' title='bbox 1767 1923 1905 1979; x_wconf 81' lang='lat' dir='ltr'>ciuis</span> <span class='ocrx_word' id='word_1_177' title='bbox 1937 1920 2208 1979; x_wconf 87' lang='lat' dir='ltr'>Romanus</span> <span class='ocrx_word' id='word_1_178' title='bbox 2240 1924 2313 1979; x_wconf 88' lang='lat' dir='ltr'>sit</span> 
     </span>
    </p>

    <p class='ocr_par' dir='ltr' id='par_1_4' title="bbox 265 2004 2311 2248">
     <span class='ocr_line' id='line_1_21' title="bbox 265 2004 2311 2083; baseline 0.002 -24"><span class='ocrx_word' id='word_1_179' title='bbox 265 2013 362 2069; x_wconf 66' lang='lat'><strong>1⁶24.</strong></span> <span class='ocrx_word' id='word_1_180' title='bbox 378 2010 469 2083; x_wconf 91' lang='lat' dir='ltr'>qui</span> <span class='ocrx_word' id='word_1_181' title='bbox 501 2009 758 2076; x_wconf 81' lang='lat' dir='ltr'>nascitur,</span> <span class='ocrx_word' id='word_1_182' title='bbox 799 2004 808 2081; x_wconf 82' lang='grc' dir='ltr'>Ι</span> <span class='ocrx_word' id='word_1_183' title='bbox 845 2008 986 2062; x_wconf 92' lang='lat' dir='ltr'>sicut</span> <span class='ocrx_word' id='word_1_184' title='bbox 1015 2014 1172 2080; x_wconf 87' lang='lat' dir='ltr'>pater</span> <span class='ocrx_word' id='word_1_185' title='bbox 1201 2009 1341 2079; x_wconf 81' lang='lat' dir='ltr'>eius,</span> <span class='ocrx_word' id='word_1_186' title='bbox 1384 2024 1494 2063; x_wconf 90' lang='lat' dir='ltr'>non</span> <span class='ocrx_word' id='word_1_187' title='bbox 1541 2015 1718 2063; x_wconf 85' lang='lat' dir='ltr'>tamen</span> <span class='ocrx_word' id='word_1_188' title='bbox 1748 2009 2109 2081; x_wconf 83' lang='lat' dir='ltr'>in&#39;potestate</span> <span class='ocrx_word' id='word_1_189' title='bbox 2140 2009 2311 2081; x_wconf 87' lang='lat' dir='ltr'>patris</span> 
     </span>
     <span class='ocr_line' id='line_1_22' title="bbox 376 2093 2311 2166; baseline -0.001 -16"><span class='ocrx_word' id='word_1_190' title='bbox 376 2101 481 2166; x_wconf 81' lang='lat' dir='ltr'>est,</span> <span class='ocrx_word' id='word_1_191' title='bbox 524 2094 647 2166; x_wconf 88' lang='lat' dir='ltr'>quia</span> <span class='ocrx_word' id='word_1_192' title='bbox 688 2108 864 2166; x_wconf 89' lang='lat' dir='ltr'>neque</span> <span class='ocrx_word' id='word_1_193' title='bbox 907 2108 972 2147; x_wconf 81' lang='lat' dir='ltr'>ex</span> <span class='ocrx_word' id='word_1_194' title='bbox 1015 2093 1158 2148; x_wconf 92' lang='lat' dir='ltr'>iusto</span> <span class='ocrx_word' id='word_1_195' title='bbox 1201 2094 1351 2148; x_wconf 89' lang='lat' dir='ltr'>coitu</span> <span class='ocrx_word' id='word_1_196' title='bbox 1392 2099 1689 2165; x_wconf 88' lang='lat' dir='ltr'>conceptus</span> <span class='ocrx_word' id='word_1_197' title='bbox 1731 2101 1833 2162; x_wconf 83' lang='lat' dir='ltr'>est,</span> <span class='ocrx_word' id='word_1_198' title='bbox 1880 2108 2057 2165; x_wconf 90' lang='lat' dir='ltr'>neque</span> <span class='ocrx_word' id='word_1_199' title='bbox 2098 2109 2165 2147; x_wconf 81' lang='lat' dir='ltr'>ex</span> <span class='ocrx_word' id='word_1_200' title='bbox 2195 2093 2311 2148; x_wconf 93' lang='lat' dir='ltr'>ullo</span> 
     </span>
     <span class='ocr_line' id='line_1_23' title="bbox 375 2175 2003 2248; baseline -0.001 -15"><span class='ocrx_word' id='word_1_201' title='bbox 375 2177 848 2235; x_wconf 85' lang='lat' dir='ltr'>senatusconsulto</span> <span class='ocrx_word' id='word_1_202' title='bbox 879 2175 1003 2231; x_wconf 90' lang='lat' dir='ltr'>talis</span> <span class='ocrx_word' id='word_1_203' title='bbox 1034 2178 1210 2231; x_wconf 88' lang='lat' dir='ltr'>coitus</span> <span class='ocrx_word' id='word_1_204' title='bbox 1243 2178 1396 2248; x_wconf 84' lang='lat' dir='ltr'><strong>quasi</strong></span> <span class='ocrx_word' id='word_1_205' title='bbox 1423 2177 1601 2233; x_wconf 89' lang='lat' dir='ltr'>iustus</span> <span class='ocrx_word' id='word_1_206' title='bbox 1632 2178 2003 2233; x_wconf 73' lang='lat' dir='ltr'>constituitur.</span> 
     </span>
    </p>

    <p class='ocr_par' dir='ltr' id='par_1_5' title="bbox 372 2258 2447 2927">
     <span class='ocr_line' id='line_1_24' title="bbox 502 2258 2311 2333; baseline -0.001 -17"><span class='ocrx_word' id='word_1_207' title='bbox 502 2258 604 2316; x_wconf 86' lang='grc'>89.</span> <span class='ocrx_word' id='word_1_208' title='bbox 648 2258 804 2326; x_wconf 87' lang='lat' dir='ltr'>Quod</span> <span class='ocrx_word' id='word_1_209' title='bbox 847 2267 1024 2314; x_wconf 85' lang='lat' dir='ltr'>autem</span> <span class='ocrx_word' id='word_1_210' title='bbox 1054 2260 1276 2333; x_wconf 75' lang='lat' dir='ltr'>placuit,</span> <span class='ocrx_word' id='word_1_211' title='bbox 1321 2262 1365 2315; x_wconf 94' lang='lat' dir='ltr'>si</span> <span class='ocrx_word' id='word_1_212' title='bbox 1410 2261 1601 2317; x_wconf 89' lang='lat' dir='ltr'>ancilla</span> <span class='ocrx_word' id='word_1_213' title='bbox 1642 2278 1703 2316; x_wconf 88' lang='lat' dir='ltr'>ex</span> <span class='ocrx_word' id='word_1_214' title='bbox 1750 2262 1867 2317; x_wconf 90' lang='lat' dir='ltr'>ciue</span> <span class='ocrx_word' id='word_1_215' title='bbox 1896 2260 2138 2316; x_wconf 84' lang='lat' dir='ltr'>Romano</span> <span class='ocrx_word' id='word_1_216' title='bbox 2182 2277 2311 2316; x_wconf 86' lang='lat' dir='ltr'>con-</span> 
     </span>
     <span class='ocr_line' id='line_1_25' title="bbox 374 2343 2311 2419; baseline -0.002 -17"><span class='ocrx_word' id='word_1_217' title='bbox 374 2347 600 2419; x_wconf 81' lang='lat' dir='ltr'>ceperit,</span> <span class='ocrx_word' id='word_1_218' title='bbox 653 2343 845 2399; x_wconf 87' lang='lat' dir='ltr'>deinde</span> <span class='ocrx_word' id='word_1_219' title='bbox 899 2344 1222 2400; x_wconf 89' lang='lat' dir='ltr'>manumissa</span> <span class='ocrx_word' id='word_1_220' title='bbox 1273 2347 1578 2419; x_wconf 85' lang='lat' dir='ltr'>pepererit,</span> <span class='ocrx_word' id='word_1_221' title='bbox 1631 2348 1724 2419; x_wconf 90' lang='lat' dir='ltr'>qui</span> <span class='ocrx_word' id='word_1_222' title='bbox 1767 2347 2029 2416; x_wconf 81' lang='lat' dir='ltr'>nascitur,</span> <span class='ocrx_word' id='word_1_223' title='bbox 2078 2344 2311 2400; x_wconf 87' lang='lat' dir='ltr'>liberum</span> 
     </span>
     <span class='ocr_line' id='line_1_26' title="bbox 375 2427 2311 2504; baseline -0.002 -19"><span class='ocrx_word' id='word_1_224' title='bbox 375 2432 540 2500; x_wconf 90' lang='lat' dir='ltr'>nasci,</span> <span class='ocrx_word' id='word_1_225' title='bbox 587 2427 869 2502; x_wconf 84' lang='lat' dir='ltr'>(na)turali</span> <span class='ocrx_word' id='word_1_226' title='bbox 901 2429 1110 2484; x_wconf 84' lang='lat' dir='ltr'>ratione</span> <span class='ocrx_word' id='word_1_227' title='bbox 1141 2428 1230 2485; x_wconf 85' lang='lat' dir='ltr'>fit:</span> <span class='ocrx_word' id='word_1_228' title='bbox 1276 2446 1399 2485; x_wconf 89' lang='lat' dir='ltr'>nam</span> <span class='ocrx_word' id='word_1_229' title='bbox 1432 2430 1505 2501; x_wconf 83' lang='lat' dir='ltr'>hi,</span> <span class='ocrx_word' id='word_1_230' title='bbox 1549 2431 1641 2504; x_wconf 89' lang='lat' dir='ltr'>qui</span> <span class='ocrx_word' id='word_1_231' title='bbox 1683 2431 1967 2504; x_wconf 79' lang='lat' dir='ltr'>illegitime</span> <span class='ocrx_word' id='word_1_232' title='bbox 1998 2430 2311 2502; x_wconf 87' lang='lat' dir='ltr'>concipiun-</span> 
     </span>
     <span class='ocr_line' id='line_1_27' title="bbox 378 2513 2310 2589; baseline -0.002 -18"><span class='ocrx_word' id='word_1_233' title='bbox 378 2524 486 2586; x_wconf 79' lang='lat' dir='ltr'>tur,</span> <span class='ocrx_word' id='word_1_234' title='bbox 530 2522 732 2571; x_wconf 85' lang='lat' dir='ltr'>statum</span> <span class='ocrx_word' id='word_1_235' title='bbox 773 2522 995 2570; x_wconf 85' lang='lat' dir='ltr'>sumunt</span> <span class='ocrx_word' id='word_1_236' title='bbox 1025 2531 1091 2569; x_wconf 80' lang='lat' dir='ltr'>ex</span> <span class='ocrx_word' id='word_1_237' title='bbox 1121 2531 1187 2570; x_wconf 92' lang='lat' dir='ltr'>eo</span> <span class='ocrx_word' id='word_1_238' title='bbox 1222 2522 1489 2589; x_wconf 78' lang='lat' dir='ltr'>tempore,</span> <span class='ocrx_word' id='word_1_239' title='bbox 1534 2531 1643 2589; x_wconf 89' lang='lat' dir='ltr'>quo</span> <span class='ocrx_word' id='word_1_240' title='bbox 1677 2523 2000 2582; x_wconf 81' lang='lat' dir='ltr'>nascuntur3</span> <span class='ocrx_word' id='word_1_241' title='bbox 2039 2515 2218 2586; x_wconf 85' lang='lat' dir='ltr'>itaque</span> <span class='ocrx_word' id='word_1_242' title='bbox 2263 2513 2310 2567; x_wconf 88' lang='lat' dir='ltr'>si</span> 
     </span>
     <span class='ocr_line' id='line_1_28' title="bbox 375 2598 2313 2672; baseline -0.001 -17"><span class='ocrx_word' id='word_1_243' title='bbox 375 2615 440 2655; x_wconf 86' lang='lat' dir='ltr'>ex</span> <span class='ocrx_word' id='word_1_244' title='bbox 482 2599 647 2655; x_wconf 84' lang='lat' dir='ltr'>libera</span> <span class='ocrx_word' id='word_1_245' title='bbox 676 2608 1009 2671; x_wconf 82' lang='lat' dir='ltr'>nascuntur,</span> <span class='ocrx_word' id='word_1_246' title='bbox 1049 2599 1201 2655; x_wconf 87' lang='lat' dir='ltr'>liberi</span> <span class='ocrx_word' id='word_1_247' title='bbox 1244 2598 1403 2671; x_wconf 80' lang='lat' dir='ltr'>fiunt,</span> <span class='ocrx_word' id='word_1_248' title='bbox 1446 2616 1547 2656; x_wconf 90' lang='lat' dir='ltr'>nec</span> <span class='ocrx_word' id='word_1_249' title='bbox 1574 2601 1833 2669; x_wconf 79' lang='lat' dir='ltr'>interest,</span> <span class='ocrx_word' id='word_1_250' title='bbox 1878 2614 1943 2654; x_wconf 83' lang='lat' dir='ltr'>ex</span> <span class='ocrx_word' id='word_1_251' title='bbox 1986 2614 2094 2672; x_wconf 89' lang='lat' dir='ltr'>quo</span> <span class='ocrx_word' id='word_1_252' title='bbox 2138 2605 2313 2653; x_wconf 84' lang='lat' dir='ltr'>mater</span> 
     </span>
     <span class='ocr_line' id='line_1_29' title="bbox 375 2682 2447 2757; baseline 0.001 -18"><span class='ocrx_word' id='word_1_253' title='bbox 375 2700 470 2739; x_wconf 90' lang='lat' dir='ltr'>eos</span> <span class='ocrx_word' id='word_1_254' title='bbox 513 2685 843 2756; x_wconf 78' lang='lat' dir='ltr'>conceperit,</span> <span class='ocrx_word' id='word_1_255' title='bbox 887 2700 1008 2739; x_wconf 89' lang='lat' dir='ltr'>cum</span> <span class='ocrx_word' id='word_1_256' title='bbox 1051 2684 1241 2740; x_wconf 89' lang='lat' dir='ltr'>ancilla</span> <span class='ocrx_word' id='word_1_257' title='bbox 1285 2684 1475 2739; x_wconf 82' lang='lat' dir='ltr'>suerit:</span> <span class='ocrx_word' id='word_1_258' title='bbox 1521 2692 1577 2739; x_wconf 89' lang='lat' dir='ltr'>at</span> <span class='ocrx_word' id='word_1_259' title='bbox 1606 2684 1681 2753; x_wconf 88' lang='lat' dir='ltr'>hi,</span> <span class='ocrx_word' id='word_1_260' title='bbox 1725 2685 1816 2757; x_wconf 90' lang='lat' dir='ltr'>qui</span> <span class='ocrx_word' id='word_1_261' title='bbox 1856 2682 2097 2756; x_wconf 85' lang='lat' dir='ltr'>legitime</span> <span class='ocrx_word' id='word_1_262' title='bbox 2128 2683 2447 2756; x_wconf 78' lang='lat' dir='ltr'>conci-[123]</span> 
     </span>
     <span class='ocr_line' id='line_1_30' title="bbox 372 2761 2308 2842; baseline -0.001 -19"><span class='ocrx_word' id='word_1_263' title='bbox 372 2770 622 2842; x_wconf 83' lang='lat' dir='ltr'>piuntur‚</span> <span class='ocrx_word' id='word_1_264' title='bbox 653 2784 718 2822; x_wconf 85' lang='lat' dir='ltr'>ex</span> <span class='ocrx_word' id='word_1_265' title='bbox 750 2769 1120 2840; x_wconf 88' lang='lat' dir='ltr'>conceptionis</span> <span class='ocrx_word' id='word_1_266' title='bbox 1148 2777 1391 2841; x_wconf 88' lang='lat' dir='ltr'>tempore</span> <span class='ocrx_word' id='word_1_267' title='bbox 1422 2778 1621 2825; x_wconf 88' lang='lat' dir='ltr'>statum</span> <span class='ocrx_word' id='word_1_268' title='bbox 1655 2776 1893 2824; x_wconf 90' lang='lat' dir='ltr'>sumunt.</span> <span class='ocrx_word' id='word_1_269' title='bbox 1982 2761 2083 2825; x_wconf 87' lang='grc'>90.</span> <span class='ocrx_word' id='word_1_270' title='bbox 2121 2765 2308 2840; x_wconf 87' lang='lat' dir='ltr'>ltaque</span> 
     </span>
     <span class='ocr_line' id='line_1_31' title="bbox 375 2849 2307 2927; baseline -0.002 -19"><span class='ocrx_word' id='word_1_271' title='bbox 375 2849 423 2908; x_wconf 84' lang='lat' dir='ltr'>si</span> <span class='ocrx_word' id='word_1_272' title='bbox 453 2855 545 2909; x_wconf 82' lang='lat' dir='ltr'>cui</span> <span class='ocrx_word' id='word_1_273' title='bbox 582 2851 794 2907; x_wconf 90' lang='lat' dir='ltr'>mulieri</span> <span class='ocrx_word' id='word_1_274' title='bbox 835 2854 953 2907; x_wconf 81' lang='lat' dir='ltr'>ciui</span> <span class='ocrx_word' id='word_1_275' title='bbox 976 2852 1278 2907; x_wconf 82' lang='lat' dir='ltr'>Romanae</span> <span class='ocrx_word' id='word_1_276' title='bbox 1318 2856 1675 2927; x_wconf 71' lang='lat' dir='ltr'>praeynanti</span> <span class='ocrx_word' id='word_1_277' title='bbox 1708 2869 1847 2925; x_wconf 87' lang='lat' dir='ltr'><strong>aqua</strong></span> <span class='ocrx_word' id='word_1_278' title='bbox 1888 2860 1943 2907; x_wconf 88' lang='lat' dir='ltr'>et</span> <span class='ocrx_word' id='word_1_279' title='bbox 1984 2853 2097 2927; x_wconf 87' lang='lat' dir='ltr'>igni</span> <span class='ocrx_word' id='word_1_280' title='bbox 2126 2853 2307 2908; x_wconf 81' lang='lat' dir='ltr'>inter-</span> 
     </span>
    </p>
   </div>
   <div class='ocr_carea' id='block_1_3' title="bbox 373 3015 2314 3418">
    <p class='ocr_par' dir='ltr' id='par_1_6' title="bbox 373 3015 2314 3418">
     <span class='ocr_line' id='line_1_32' title="bbox 378 3015 2311 3083; baseline -0.001 -17"><span class='ocrx_word' id='word_1_281' title='bbox 378 3015 483 3066; x_wconf 82' lang='lat' dir='ltr'>Sed</span> <span class='ocrx_word' id='word_1_282' title='bbox 506 3024 558 3066; x_wconf 79' lang='lat' dir='ltr'>et</span> <span class='ocrx_word' id='word_1_283' title='bbox 578 3020 736 3067; x_wconf 79' lang='lat' dir='ltr'>simile</span> <span class='ocrx_word' id='word_1_284' title='bbox 763 3019 884 3083; x_wconf 79' lang='lat' dir='ltr'>quid</span> <span class='ocrx_word' id='word_1_285' title='bbox 906 3019 958 3065; x_wconf 78' lang='lat' dir='ltr'>in</span> <span class='ocrx_word' id='word_1_286' title='bbox 981 3019 1172 3080; x_wconf 77' lang='lat' dir='ltr'>nuptiis</span> <span class='ocrx_word' id='word_1_287' title='bbox 1195 3018 1531 3068; x_wconf 78' lang='lat' dir='ltr'>Romanorum</span> <span class='ocrx_word' id='word_1_288' title='bbox 1555 3016 1787 3067; x_wconf 79' lang='lat' dir='ltr'>nobilium</span> <span class='ocrx_word' id='word_1_289' title='bbox 1810 3032 1917 3067; x_wconf 82' lang='lat' dir='ltr'>cum</span> <span class='ocrx_word' id='word_1_290' title='bbox 1940 3015 2311 3079; x_wconf 72' lang='lat' dir='ltr'>Latinisfemi—</span> 
     </span>
     <span class='ocr_line' id='line_1_33' title="bbox 376 3083 2307 3149; baseline 0 -16"><span class='ocrx_word' id='word_1_291' title='bbox 376 3085 456 3133; x_wconf 76' lang='lat' dir='ltr'>nis</span> <span class='ocrx_word' id='word_1_292' title='bbox 478 3091 529 3133; x_wconf 81' lang='lat' dir='ltr'>et</span> <span class='ocrx_word' id='word_1_293' title='bbox 551 3092 751 3149; x_wconf 80' lang='lat' dir='ltr'>contra,</span> <span class='ocrx_word' id='word_1_294' title='bbox 788 3084 916 3134; x_wconf 84' lang='lat' dir='ltr'>bello</span> <span class='ocrx_word' id='word_1_295' title='bbox 941 3092 1121 3135; x_wconf 81' lang='lat' dir='ltr'>contr-a</span> <span class='ocrx_word' id='word_1_296' title='bbox 1145 3101 1285 3149; x_wconf 83' lang='lat' dir='ltr'>spem</span> <span class='ocrx_word' id='word_1_297' title='bbox 1310 3093 1513 3141; x_wconf 75' lang='lat' dir='ltr'>exorto,</span> <span class='ocrx_word' id='word_1_298' title='bbox 1547 3092 1744 3134; x_wconf 82' lang='lat' dir='ltr'>cautum</span> <span class='ocrx_word' id='word_1_299' title='bbox 1775 3086 1995 3135; x_wconf 82' lang='lat' dir='ltr'>videmus</span> <span class='ocrx_word' id='word_1_300' title='bbox 2019 3083 2153 3135; x_wconf 81' lang='lat' dir='ltr'>Scto</span> <span class='ocrx_word' id='word_1_301' title='bbox 2182 3100 2233 3134; x_wconf 87' lang='grc' dir='ltr'>α.</span> <span class='ocrx_word' id='word_1_302' title='bbox 2253 3100 2307 3134; x_wconf 78' lang='lat' dir='ltr'>u.</span> 
     </span>
     <span class='ocr_line' id='line_1_34' title="bbox 373 3152 2314 3218; baseline 0.001 -18"><span class='ocrx_word' id='word_1_303' title='bbox 373 3161 468 3202; x_wconf 77' lang='lat'>269.</span> <span class='ocrx_word' id='word_1_304' title='bbox 516 3152 730 3216; x_wconf 71' lang='lat' dir='ltr'>Dz‘onyS.</span> <span class='ocrx_word' id='word_1_305' title='bbox 757 3161 798 3211; x_wconf 88' lang='grc'>6,</span> <span class='ocrx_word' id='word_1_306' title='bbox 827 3164 865 3201; x_wconf 89' lang='grc'>1.</span> <span class='ocrx_word' id='word_1_307' title='bbox 917 3153 1146 3218; x_wconf 78' lang='lat' dir='ltr'>Denique</span> <span class='ocrx_word' id='word_1_308' title='bbox 1183 3155 1325 3217; x_wconf 67' lang='lat' dir='ltr'>‘lege</span> <span class='ocrx_word' id='word_1_309' title='bbox 1348 3152 1572 3202; x_wconf 82' lang='lat' dir='ltr'>Latina’</span> <span class='ocrx_word' id='word_1_310' title='bbox 1609 3153 1642 3205; x_wconf 80' lang='lat' dir='ltr'>i.</span> <span class='ocrx_word' id='word_1_311' title='bbox 1668 3167 1714 3201; x_wconf 85' lang='lat' dir='ltr'>e.</span> <span class='ocrx_word' id='word_1_312' title='bbox 1750 3154 1863 3202; x_wconf 80' lang='lat' dir='ltr'>iure</span> <span class='ocrx_word' id='word_1_313' title='bbox 1887 3153 2077 3202; x_wconf 81' lang='lat' dir='ltr'>Latino</span> <span class='ocrx_word' id='word_1_314' title='bbox 2113 3153 2314 3217; x_wconf 79' lang='lat' dir='ltr'>aliquid</span> 
     </span>
     <span class='ocr_line' id='line_1_35' title="bbox 377 3218 2305 3285; baseline 0.002 -16"><span class='ocrx_word' id='word_1_315' title='bbox 377 3218 606 3269; x_wconf 81' lang='lat' dir='ltr'>obtinere</span> <span class='ocrx_word' id='word_1_316' title='bbox 644 3220 799 3269; x_wconf 78' lang='lat' dir='ltr'><strong>Gaius</strong></span> <span class='ocrx_word' id='word_1_317' title='bbox 829 3221 1046 3283; x_wconf 70' lang='lat' dir='ltr'>perinde</span> <span class='ocrx_word' id='word_1_318' title='bbox 1081 3221 1252 3270; x_wconf 80' lang='lat' dir='ltr'>dicere</span> <span class='ocrx_word' id='word_1_319' title='bbox 1287 3226 1510 3283; x_wconf 76' lang='lat' dir='ltr'>poterat,</span> <span class='ocrx_word' id='word_1_320' title='bbox 1553 3226 1705 3285; x_wconf 82' lang='lat' dir='ltr'>atque</span> <span class='ocrx_word' id='word_1_321' title='bbox 1749 3219 2103 3283; x_wconf 70' lang='lat' dir='ltr'>Tryphoninus</span> <span class='ocrx_word' id='word_1_322' title='bbox 2134 3218 2200 3270; x_wconf 87' lang='lat' dir='ltr'>L.</span> <span class='ocrx_word' id='word_1_323' title='bbox 2238 3230 2305 3272; x_wconf 79' lang='lat'>12.</span> 
     </span>
     <span class='ocr_line' id='line_1_36' title="bbox 376 3284 2308 3354; baseline 0 -19"><span class='ocrx_word' id='word_1_324' title='bbox 376 3284 428 3349; x_wconf 76' lang='grc'>3.</span> <span class='ocrx_word' id='word_1_325' title='bbox 462 3298 505 3341; x_wconf 87' lang='grc'><strong>9.</strong></span> <span class='ocrx_word' id='word_1_326' title='bbox 554 3287 620 3337; x_wconf 91' lang='lat' dir='ltr'>D.</span> <span class='ocrx_word' id='word_1_327' title='bbox 657 3288 719 3336; x_wconf 83' lang='lat' dir='ltr'>de</span> <span class='ocrx_word' id='word_1_328' title='bbox 755 3289 941 3351; x_wconf 79' lang='lat' dir='ltr'>captiv.</span> <span class='ocrx_word' id='word_1_329' title='bbox 976 3287 1066 3353; x_wconf 76' lang='lat'>(49,</span> <span class='ocrx_word' id='word_1_330' title='bbox 1103 3287 1173 3351; x_wconf 89' lang='lat'>15)</span> <span class='ocrx_word' id='word_1_331' title='bbox 1209 3288 1346 3337; x_wconf 68' lang='lat' dir='ltr'>dia-it</span> <span class='ocrx_word' id='word_1_332' title='bbox 1380 3290 1511 3354; x_wconf 73' lang='lat' dir='ltr'>‘leye</span> <span class='ocrx_word' id='word_1_333' title='bbox 1545 3290 1746 3337; x_wconf 78' lang='lat' dir='ltr'>nostra&#39;</span> <span class='ocrx_word' id='word_1_334' title='bbox 1780 3290 1813 3336; x_wconf 86' lang='grc' dir='ltr'>ἰ.</span> <span class='ocrx_word' id='word_1_335' title='bbox 1841 3304 1884 3340; x_wconf 86' lang='lat' dir='ltr'>e.</span> <span class='ocrx_word' id='word_1_336' title='bbox 1919 3291 2029 3337; x_wconf 79' lang='lat' dir='ltr'>iure</span> <span class='ocrx_word' id='word_1_337' title='bbox 2064 3288 2308 3337; x_wconf 84' lang='lat' dir='ltr'>Romano.</span> 
     </span>
     <span class='ocr_line' id='line_1_37' title="bbox 384 3352 1443 3418; baseline 0.003 -15"><span class='ocrx_word' id='word_1_338' title='bbox 384 3354 503 3404; x_wconf 83' lang='lat' dir='ltr'>Vid.</span> <span class='ocrx_word' id='word_1_339' title='bbox 530 3356 680 3404; x_wconf 83' lang='lat' dir='ltr'>etiam</span> <span class='ocrx_word' id='word_1_340' title='bbox 706 3367 744 3414; x_wconf 90' lang='lat'>1,</span> <span class='ocrx_word' id='word_1_341' title='bbox 772 3366 861 3408; x_wconf 83' lang='lat'>193.</span> <span class='ocrx_word' id='word_1_342' title='bbox 890 3366 930 3417; x_wconf 82' lang='lat'>3,</span> <span class='ocrx_word' id='word_1_343' title='bbox 957 3366 1022 3405; x_wconf 86' lang='lat'>96.</span> <span class='ocrx_word' id='word_1_344' title='bbox 1106 3353 1147 3416; x_wconf 92' lang='lat'>¹)</span> <span class='ocrx_word' id='word_1_345' title='bbox 1184 3354 1266 3418; x_wconf 80' lang='lat' dir='ltr'>Cf.</span> <span class='ocrx_word' id='word_1_346' title='bbox 1297 3352 1348 3418; x_wconf 74' lang='lat'>8.</span> <span class='ocrx_word' id='word_1_347' title='bbox 1376 3364 1443 3406; x_wconf 85' lang='lat'>68.</span> 
     </span>
    </p>
   </div>
   <div class='ocr_carea' id='block_1_4' title="bbox 376 3487 2312 3690">
    <p class='ocr_par' dir='ltr' id='par_1_7' title="bbox 376 3487 2312 3690">
     <span class='ocr_line' id='line_1_38' title="bbox 510 3487 2312 3556; baseline -0.001 -15"><span class='ocrx_word' id='word_1_348' title='bbox 510 3488 562 3556; x_wconf 77' lang='lat'>§.</span> <span class='ocrx_word' id='word_1_349' title='bbox 591 3492 673 3541; x_wconf 82' lang='grc'>87.</span> <span class='ocrx_word' id='word_1_350' title='bbox 716 3491 794 3552; x_wconf 79' lang='lat' dir='ltr'>cf.</span> <span class='ocrx_word' id='word_1_351' title='bbox 823 3489 919 3554; x_wconf 69' lang='grc'><strong>38.</strong></span> <span class='ocrx_word' id='word_1_352' title='bbox 947 3500 998 3541; x_wconf 88' lang='grc'>66</span> <span class='ocrx_word' id='word_1_353' title='bbox 1021 3506 1130 3556; x_wconf 78' lang='lat' dir='ltr'>seq.</span> <span class='ocrx_word' id='word_1_354' title='bbox 1226 3487 1277 3556; x_wconf 61' lang='grc' dir='ltr'>ξ.</span> <span class='ocrx_word' id='word_1_355' title='bbox 1302 3491 1383 3540; x_wconf 88' lang='grc'><strong>88.</strong></span> <span class='ocrx_word' id='word_1_356' title='bbox 1426 3488 1507 3551; x_wconf 81' lang='lat' dir='ltr'>Cf.</span> <span class='ocrx_word' id='word_1_357' title='bbox 1542 3491 1607 3540; x_wconf 90' lang='lat' dir='ltr'>L.</span> <span class='ocrx_word' id='word_1_358' title='bbox 1635 3500 1704 3539; x_wconf 81' lang='lat'>46.</span> <span class='ocrx_word' id='word_1_359' title='bbox 1747 3490 1812 3538; x_wconf 88' lang='lat' dir='ltr'>D.</span> <span class='ocrx_word' id='word_1_360' title='bbox 1846 3491 1911 3539; x_wconf 83' lang='lat' dir='ltr'>de</span> <span class='ocrx_word' id='word_1_361' title='bbox 1944 3491 2120 3553; x_wconf 81' lang='lat' dir='ltr'>adopt.</span> <span class='ocrx_word' id='word_1_362' title='bbox 2155 3488 2217 3552; x_wconf 89' lang='lat'>(1,</span> <span class='ocrx_word' id='word_1_363' title='bbox 2245 3488 2312 3552; x_wconf 70' lang='grc' dir='ltr'>Ἰ).</span> 
     </span>
     <span class='ocr_line' id='line_1_39' title="bbox 376 3555 2310 3624; baseline -0.002 -15"><span class='ocrx_word' id='word_1_364' title='bbox 376 3555 424 3624; x_wconf 61' lang='grc' dir='ltr'>ξ.</span> <span class='ocrx_word' id='word_1_365' title='bbox 451 3558 555 3620; x_wconf 50' lang='lat'>89„</span> <span class='ocrx_word' id='word_1_366' title='bbox 574 3559 650 3618; x_wconf 78' lang='lat' dir='ltr'>Cf.</span> <span class='ocrx_word' id='word_1_367' title='bbox 692 3559 805 3623; x_wconf 65' lang='lat' dir='ltr'>Uip.</span> <span class='ocrx_word' id='word_1_368' title='bbox 842 3568 885 3620; x_wconf 88' lang='lat'>5,</span> <span class='ocrx_word' id='word_1_369' title='bbox 914 3570 981 3610; x_wconf 90' lang='lat'>10.</span> <span class='ocrx_word' id='word_1_370' title='bbox 1018 3558 1085 3613; x_wconf 81' lang='lat' dir='ltr'>L.</span> <span class='ocrx_word' id='word_1_371' title='bbox 1113 3568 1177 3608; x_wconf 87' lang='lat'>18.</span> <span class='ocrx_word' id='word_1_372' title='bbox 1202 3568 1269 3611; x_wconf 75' lang='lat'>24.</span> <span class='ocrx_word' id='word_1_373' title='bbox 1318 3558 1383 3606; x_wconf 88' lang='lat' dir='ltr'>D.</span> <span class='ocrx_word' id='word_1_374' title='bbox 1417 3560 1481 3607; x_wconf 83' lang='lat' dir='ltr'>de</span> <span class='ocrx_word' id='word_1_375' title='bbox 1513 3563 1652 3607; x_wconf 80' lang='lat' dir='ltr'>statu</span> <span class='ocrx_word' id='word_1_376' title='bbox 1675 3557 1802 3609; x_wconf 73' lang='lat' dir='ltr'>hom.</span> <span class='ocrx_word' id='word_1_377' title='bbox 1830 3555 1892 3619; x_wconf 89' lang='lat'>(1,</span> <span class='ocrx_word' id='word_1_378' title='bbox 1917 3556 1984 3619; x_wconf 79' lang='lat'>5).</span> <span class='ocrx_word' id='word_1_379' title='bbox 2026 3555 2230 3617; x_wconf 65' lang='lat' dir='ltr'>Quintil.</span> <span class='ocrx_word' id='word_1_380' title='bbox 2262 3557 2310 3606; x_wconf 89' lang='lat' dir='ltr'>I.</span> 
     </span>
     <span class='ocr_line' id='line_1_40' title="bbox 377 3621 2311 3690; baseline -0.001 -15"><span class='ocrx_word' id='word_1_381' title='bbox 377 3624 444 3675; x_wconf 88' lang='lat'>0.</span> <span class='ocrx_word' id='word_1_382' title='bbox 472 3636 512 3686; x_wconf 81' lang='lat'>3,</span> <span class='ocrx_word' id='word_1_383' title='bbox 536 3635 576 3674; x_wconf 89' lang='lat'>6.</span> <span class='ocrx_word' id='word_1_384' title='bbox 605 3624 658 3688; x_wconf 78' lang='lat' dir='ltr'>S.</span> <span class='ocrx_word' id='word_1_385' title='bbox 679 3636 746 3680; x_wconf 78' lang='lat'>25.</span> <span class='ocrx_word' id='word_1_386' title='bbox 773 3628 838 3675; x_wconf 88' lang='lat' dir='ltr'>L.</span> <span class='ocrx_word' id='word_1_387' title='bbox 863 3637 899 3675; x_wconf 89' lang='lat'>1.</span> <span class='ocrx_word' id='word_1_388' title='bbox 928 3624 980 3689; x_wconf 77' lang='grc'><strong>3.</strong></span> <span class='ocrx_word' id='word_1_389' title='bbox 1002 3635 1042 3675; x_wconf 81' lang='lat'>2.</span> <span class='ocrx_word' id='word_1_390' title='bbox 1071 3627 1137 3675; x_wconf 86' lang='lat' dir='ltr'>L.</span> <span class='ocrx_word' id='word_1_391' title='bbox 1165 3636 1206 3675; x_wconf 86' lang='lat'>9.</span> <span class='ocrx_word' id='word_1_392' title='bbox 1239 3626 1306 3674; x_wconf 88' lang='lat' dir='ltr'>D.</span> <span class='ocrx_word' id='word_1_393' title='bbox 1326 3626 1399 3675; x_wconf 84' lang='lat' dir='ltr'>ad</span> <span class='ocrx_word' id='word_1_394' title='bbox 1412 3627 1589 3674; x_wconf 78' lang='lat' dir='ltr'>munic.</span> <span class='ocrx_word' id='word_1_395' title='bbox 1613 3624 1701 3688; x_wconf 83' lang='lat'>(50,</span> <span class='ocrx_word' id='word_1_396' title='bbox 1724 3623 1784 3689; x_wconf 88' lang='lat'>1).</span> <span class='ocrx_word' id='word_1_397' title='bbox 1855 3621 1906 3690; x_wconf 82' lang='lat'>§.</span> <span class='ocrx_word' id='word_1_398' title='bbox 1928 3625 2008 3673; x_wconf 79' lang='grc'>90.</span> <span class='ocrx_word' id='word_1_399' title='bbox 2039 3623 2115 3681; x_wconf 76' lang='lat' dir='ltr'>Cf.</span> <span class='ocrx_word' id='word_1_400' title='bbox 2141 3621 2196 3685; x_wconf 74' lang='grc'>3.</span> <span class='ocrx_word' id='word_1_401' title='bbox 2217 3632 2311 3679; x_wconf 83' lang='lat'>161.</span> 
     </span>
    </p>
   </div>
  </div>
 </body>
</html>
