2546 3928
805 243 928 277 (mu
965 244 1158 281 Ins-rvr.
1195 231 1271 282 ΙΙ.
1310 233 1612 280 108-111.
2095 232 2173 286 8¹.)

229 384 376 440 quae
409 375 466 422 et
499 366 563 421 de
592 367 842 437 testib11S.‚
875 368 1013 423 dicta
1048 385 1165 423 esse
1201 370 1607 442 intellegemus:
1644 387 1763 425 nam
1797 379 1851 424 et
1880 373 1923 424 is
1960 372 2174 426 testium

229 468 467 506 numero
500 461 603 507 est.
690 447 804 507 108
871 452 919 507 ls
955 469 1107 523 uer0,
1152 454 1243 526 qui
1276 456 1328 508 in
1360 463 1632 526 potestate
1663 455 1874 508 heredis
1907 463 1999 509 aut
2029 455 2177 527 lega-

232 536 358 589 tarii
406 544 510 606 est,
555 537 779 590 cuiusue
825 537 982 591 heres
1029 538 1145 610 ipse
1184 546 1277 592 ant
1320 538 1616 611 legatarius
1661 540 1712 593 iu
1756 547 2029 611 potestate
2072 549 2175 607 est,

231 621 439 692 quique
484 621 537 674 in
584 621 821 675 eiusdem
864 629 1139 694 potestate
1182 632 1285 683 est,
1329 626 1463 678 adeo
1509 625 1660 677 testis
1705 632 1758 678 et
1800 622 2056 694 libripens
2087 627 2177 678 ad·

233 702 408 758 hiberi
453 712 654 777 potest,
705 714 762 759 ut
813 706 927 777 ipse
960 722 1179 779 quoque
1210 708 1369 761 heres
1414 715 1514 762 aut
1542 707 1842 780 legatarius
1876 708 1994 761 iure
2027 707 2176 765 adhi-

232 788 486 843 beantur.
549 789 642 844 sed
677 798 854 843 tamen
888 790 1030 862 quod
1062 790 1125 845 ad
1158 791 1409 845 heredem
1442 793 1696 864 pertinet,
1743 793 1944 864 quique
1976 794 2028 845 in
2061 793 2174 846 eius

230 881 507 945 potestate
553 882 656 943 est,
699 875 925 930 cuiusue
967 876 1013 928 is
1056 876 1106 929 in
1151 884 1424 948 potestate
1466 870 1615 945 ’est.,¹
1665 877 1880 930 minime
1922 876 2026 930 hoc
2057 877 2175 931 iure

233 957 317 1010 uti
349 956 625 1012 debemuS.
1912 1004 1935 1011 -

69 1037 209 1105 [169]
360 1052 450 1095 De·
475 1057 911 1099 TESTAMENTIS
947 1060 1241 1100 thrvM.
1331 1040 1466 1100 109.
1528 1044 1621 1100 Set
1653 1046 1785 1100 haec
1814 1044 2046 1118 diligens
2070 1043 2173 1098 ob-

232 1127 476 1180 seruatio
510 1129 560 1181 in
596 1127 901 1182 ordinandis
937 1131 1271 1183 testamentis
1304 1129 1561 1185 militibus
1593 1138 1819 1203 propter
1848 1130 2062 1185 nimiam
2095 1130 2174 1182 in-

229 1211 484 1282 peritiam
530 1211 1014 1266 constitutionibus
1060 1214 1363 1285 principum
1407 1216 1629 1268 remissa
1672 1223 1782 1269 est:
1827 1230 1948 1267 nam
1992 1230 2173 1285 quam-

235 1294 319 1346 uis
352 1311 528 1367 neque
561 1294 858 1368 legitimum
886 1312 1166 1350 numerum
1194 1299 1411 1352 testium
1436 1298 1804 1367 adhibuerint,
1836 1314 2014 1369 neque
2047 1313 2173 1350 uen-

231 1378 470 1432 dideriut
529 1379 799 1445 familiam,
852 1396 1027 1451 neque
1081 1383 1517 1452 nuncupauerint
1570 1388 1974 1450 testamentum,
2027 1387 2174 1435 recte

229 1463 407 1516 nihilo
458 1463 635 1517 minus
689 1471 980 1517 testantur.
1091 1459 1214 1517 110.
1276 1464 1558 1519 Praeterea
1608 1465 1928 1537 permissum
1984 1474 2065 1518 est
2107 1466 2172 1518 iis

230 1555 290 1599 et
347 1547 672 1618 peregrinos
725 1554 779 1600 et
820 1546 1038 1600 Latinos
1091 1546 1376 1601 instituere
1429 1547 1655 1619 heredes
1713 1547 1798 1601 uel
1850 1549 1913 1601 iis
1961 1548 2172 1620 legare3

228 1646 360 1682 eum
397 1629 633 1700 alioquin
677 1631 949 1703 peregrini
994 1630 1208 1703 quidem
1240 1632 1451 1693 ratione
1493 1632 1636 1686 ciuili
1667 1630 2060 1705 prohibeantur
2090 1649 2175 1686 ca·

227 1729 369 1786 pere
422 1713 770 1769 hereditatem
827 1715 1135 1786 legataque,
1188 1716 1360 1770 Latini
1415 1732 1544 1771 uero
1588 1733 1685 1789 per
1735 1715 1911 1789 legem
1954 1716 2171 1771 Iuniam.

227 1794 344 1854 111.
395 1796 633 1852 Caelibes
665 1815 905 1872 quoque,
950 1800 1040 1872 qui
1072 1799 1195 1872 lege
1226 1800 1357 1854 iulia
1390 1801 1739 1856 hereditatem
1771 1801 2058 1873 legataque
2089 1818 2172 1855 ca-

229 1898 364 1956 pere
398 1890 673 1950 uetantur,
715 1884 841 1938 item
877 1882 1016 1952 orbi,
1058 1884 1109 1939 id
1144 1894 1246 1951 est,
1281 1887 1371 1959 qui
1405 1885 1603 1941 liberos
1635 1902 1743 1940 non
1778 1885 1993 1955 habent,
2035 1902 2171 1957 quos

228 1969 319 2044 lex
366 1972 373 2032 Ι
419 1968 626 2039 'Papia
662 1971 801 2039 plus
843 1987 1015 2042 quam
1071 1972 1345 2026 dimidias
1381 1979 1587 2041 partes
1627 1973 1965 2026 hereditatis
2015 1974 2169 2042 leyec-

232 2061 534 2124 torumque
577 2069 792 2123 capere
837 2061 1007 2118 vetat,
1055 2070 1134 2109 ex
1173 2057 1366 2109 militis
1409 2062 1744 2111 testamento
1788 2055 2027 2108 solidum
2072 2070 2169 2107 ca·

223 2133 457 2207 ριίιητ.2
497 2168 1102 2175 ——————-
1147 2137 1273 2207 [Fol.
1304 2139 1518 2207 deperd.]
1563 2167 1662 2174 ———

375 2297 414 2361 ¹)
443 2302 530 2349 erit
556 2300 611 2349 C.
641 2302 758 2353 edd.
829 2300 870 2364 ²)
898 2300 1211 2351 Sententiam
1233 2303 1544 2366 probabilem
1567 2303 1787 2365 perfeci.
1828 2302 2018 2350 Folium
2045 2304 2169 2351 enim

233 2365 400 2428 (sexti
437 2370 784 2432 quaternionis
814 2372 1044 2431 primum,
1083 2371 1150 2429 cf.
1177 2370 1460 2420 Goescheni
1484 2371 1654 2431 praef.
1687 2387 1722 2432 p
1764 2370 1959 2430 XXX),
1996 2371 2046 2417 in
2072 2386 2168 2432 quo

233 2437 361 2483 llaec
387 2436 449 2484 de
474 2438 642 2484 militis
668 2443 965 2486 testamento
990 2439 1206 2485 materia
1230 2438 1638 2496 continuabatur,
1672 2442 1825 2498 plane
1853 2436 2171 2497 deperditum

233 2505 449 2567 ideoque
484 2519 575 2552 nec
609 2505 659 2552 in
684 2505 910 2567 marqine
945 2511 1254 2552 numeratum
1280 2511 1371 2552 est.
1427 2502 1655 2551 Transiit
1678 2504 1729 2549 in
1755 2518 1814 2551 eo
1844 2502 2000 2549 Gaius
2024 2502 2173 2550 abso-

233 2574 342 2618 luta
367 2572 455 2618 illa
480 2574 694 2619 materia
720 2572 791 2619 ad
813 2572 883 2633 id,
912 2572 1049 2634 quod
1075 2570 1191 2632 Ulp.
1220 2581 1289 2631 20,
1320 2579 1500 2624 10—16,
1531 2569 1848 2617 lastinianus
1872 2570 1951 2620 tit.
1995 2567 2036 2615 I.
2068 2571 2175 2632 qui-

233 2638 322 2686 bus
352 2654 450 2687 non
484 2645 561 2687 est
588 2640 887 2701 permissum
915 2637 1095 2696 facere
1120 2643 1467 2686 testamentum
1494 2637 1557 2698 (2,
1585 2633 1654 2698 12)
1680 2638 1911 2698 exponit,
1947 2637 2086 2684 cuius
2110 2638 2173 2685 ti-

234 2708 327 2754 tuli
359 2707 622 2770 quaedam,
659 2709 792 2755 velut
825 2706 986 2768 ipsius
1021 2706 1158 2753 initii
1182 2712 1400 2768 partem,
1440 2703 1637 2752 Gaiana
1663 2719 1791 2764 esse,
1830 2707 1917 2754 vix
1942 2704 2174 2754 dubitan-

232 2775 349 2822 dum
374 2779 465 2826 est.
504 2773 594 2823 Ex
619 2772 861 2837 Epitoma
884 2772 1010 2820 haec
1034 2772 1128 2820 lzuc
1151 2774 1414 2835 pertinent
1435 2783 1478 2833 2,
1505 2782 1545 2825 2.
1573 2770 1625 2835 S.
1653 2784 1691 2824 1.
1733 2772 1828 2821 ‘Id
1851 2789 2046 2838 quoque
2070 2779 2172 2821 sta—

234 2849 515 2903 tutumest,
553 2843 689 2906 quod
722 2857 822 2890 non
856 2839 1082 2889 omnibus
1116 2842 1265 2889 liceat
1296 2841 1476 2901 facere
1503 2848 1874 2889 testamentum:
1905 2844 2033 2888 sicut
2058 2847 2174 2888 sunt

233 2910 299 2966 Izi,
338 2910 422 2972 qui
443 2911 524 2957 sui
547 2911 673 2957 iuris
699 2924 799 2957 non
822 2914 954 2968 sunt,
988 2910 1084 2956 sed
1113 2910 1279 2957 alieno
1316 2910 1417 2957 iuri
1438 2910 1650 2956 subiecti
1671 2916 1808 2968 sunt,
1843 2908 1936 2957 hoc
1965 2914 2042 2955 est
2060 2909 2169 2968 filii,

231 2984 335 3023 tam
360 2991 430 3024 eoe
455 2977 597 3025 nobis
623 2978 745 3036 nati,
772 2991 918 3039 quam
942 2977 1190 3038 (adoptiui.
1237 2973 1290 3041 §-
1314 2986 1355 3029 2.
1391 2975 1521 3025 Item
1548 2983 1845 3024 testamenta
1865 2976 2045 3037 facere
2073 2991 2172 3025 non

226 3055 443 3105 possunt
469 3043 767 3105 impuberes,
796 3044 851 3091 id
875 3050 952 3091 est
975 3047 1193 3093 minores
1213 3045 1612 3108 quattuordecim
1633 3059 1893 3101 annorum,
1922 3051 2009 3091 aut
2031 3047 2173 3106 puel-

231 3115 313 3158 lae
335 3111 610 3161 duodecim.
651 3107 705 3173 S.
730 3121 772 3162 3.
801 3110 931 3158 Item
952 3118 1004 3159 et
1021 3112 1072 3158 Ιιί
1090 3114 1176 3175 qui
1193 3112 1398 3172 furiosi,
1426 3114 1478 3160 id
1496 3118 1572 3160 est
1590 3118 1751 3161 mente
1770 3113 1938 3160 insani
1953 3113 2171 3174 fuerint,

232 3194 334 3226 non
358 3185 572 3241 possunt
584 3178 766 3243 facere
787 3185 1101 3232 testamenta,
1138 3181 1234 3228 sed
1249 3179 1303 3228 hi
1319 3183 1404 3244 qui
1420 3182 1588 3228 insani
1603 3186 1734 3237 sunt,
1758 3196 1855 3243 per
1880 3182 2171 3237 interualla,

232 3245 414 3309 quibus
437 3247 554 3293 sani
575 3253 710 3308 sunt,
734 3253 949 3309 possunt
968 3247 1148 3308 facere
1175 3254 1493 3295 testamenta.
2180 3257 2181 3260 ’

369 3392 420 3462 g.
450 3397 564 3446 108.
605 3397 684 3455 Cf.
723 3395 817 3460 38.
853 3409 914 3447 10.
951 3410 1017 3448 11.
1060 3398 1105 3446 1.
1145 3400 1224 3447 tit.
1252 3400 1340 3446 cit.
1444 3396 1494 3464 ξ.
1528 3401 1639 3447 109.
1667 3419 1734 3438 =
1759 3415 1838 3460 pr.
1867 3396 1917 3447 l.
1946 3398 2010 3443 de
2035 3396 2171 3445 mitit.

230 3472 349 3515 test.
387 3473 445 3524 (2.
483 3463 569 3523 11).
613 3464 692 3525 Cf.
732 3465 847 3527 Ulp.
884 3476 951 3525 23,
986 3478 1049 3514 10.
1077 3466 1218 3524 infra
1256 3465 1310 3529 S.
1338 3477 1425 3515 114.
1498 3461 1548 3528 §.
1586 3468 1699 3512 110.
1740 3465 1818 3520 Cf.
1858 3475 1894 3519 1,
1921 3472 1971 3509 23
1994 3476 2102 3521 seq.
2129 3473 2171 3520 2,

229 3542 320 3580 212Δ
351 3541 444 3583 275.
476 3531 588 3594 Utp.
619 3542 683 3589 ιτ,
711 3545 752 3581 1.
776 3542 842 3590 22,
871 3543 912 3583 2.
942 3544 981 3581 3.
1012 3534 1075 3581 L.
1103 3542 1167 3581 13.
1196 3531 1247 3594 3.
1267 3545 1309 3581 2.
1336 3534 1399 3579 D.
1422 3533 1484 3578 de
1505 3538 1701 3578 testam.
1724 3532 1820 3575 mil.
1852 3530 1939 3586 (29,
1962 3525 2021 3586 1).
2050 3527 2112 3572 L.
2133 3537 2172 3576 5.

234 3602 287 3648 ι’.
316 3601 430 3648 eod.
460 3597 522 3660 (6,
545 3599 640 3660 21).
713 3595 763 3665 ξ.
798 3603 909 3649 111.
952 3599 1032 3659 Cf.
1060 3610 1101 3656 2,
1128 3609 1216 3648 144.
1245 3609 1339 3650 286.
1371 3598 1486 3657 Utp.
1515 3606 1579 3654 ιτ,
1605 3609 1643 3643 1.
1669 3606 1735 3652 22,
1764 3605 1804 3642 3.
