2546 3928
155 689 208 756 [9

241 687 261 756 ]

1179 160 1360 197 GAWS.
2019 129 2022 132 .
2107 153 2112 156 ’
2155 147 2229 202 19

299 282 528 346 irrepsit
563 283 611 342 2,
650 282 763 330 195.
809 281 1079 347 ‘legatum
1118 281 1225 332 sibi
1273 297 1398 333 esse
1437 282 1768 344 dimissum’3
1816 299 1942 333 nam
1979 282 2233 333 ‘dimitti’

295 364 396 413 pro
447 347 750 413 ‘relinqui'
797 347 1044 413 legatum
1090 349 1180 400 vel
1236 351 1495 414 ‘legari’,
1552 351 1698 414 quod
1743 355 1805 400 ut
1848 351 2125 401 Aleander
2180 356 2236 400 et

299 415 683 482 Schultingius
719 416 787 466 ad
826 416 944 467 Gai.
991 418 1122 482 epit.
1159 421 1211 480 2,
1249 420 1296 468 7.
1336 420 1383 478 ἕ.
1423 416 1471 466 8.
1509 422 1566 467 et
1604 421 1648 480 1,
1688 420 1737 468 1.
1775 420 1822 478 ἓ.
1862 422 1912 468 4.
1953 424 2232 476 notarunt,

293 484 357 533 in
389 484 670 534 breviario
708 483 1027 534 Alariciano
1065 486 1391 550 saepissime
1426 484 1649 549 legitur,
1694 489 1827 535 ante
1864 485 2025 535 finem
2061 486 2236 535 seculi

295 551 496 616 quinti,
534 567 641 616 quo
677 556 891 602 tantam
925 557 1088 603 vetus
1115 553 1397 603 Latinitas
1426 556 1641 602 ruinam
1678 568 1847 618 passa
1884 560 1983 613 est,
2022 554 2117 604 vix
2152 555 2236 602 ita.

294 621 356 668 in
378 634 537 669 usum
562 620 796 678 venerit,
832 624 895 669 ut
932 635 1031 685 pro
1067 619 1399 685 glossemate
1434 621 1795 681 scriberetur3
1832 620 1929 670 illo
1957 636 2087 671 vero
2114 622 2235 670 loco

292 689 407 736 iam
442 689 500 736 in
538 702 599 738 eo
639 687 828 737 codice
867 687 1039 737 fuisse
1065 688 1301 750 videtur,
1338 687 1483 737 unde
1509 693 1701 738 noster
1723 688 2090 752 transcriptus
2130 694 2231 739 est.

290 755 595 805 Praeterea
630 755 924 806 barbaram
964 760 1208 822 aetatem
1244 756 1396 820 sapit
1431 755 1687 806 vitiorum
1727 756 1986 820 qualitas,
2035 756 2234 820 partim

292 821 731 886 deterrimorum,
780 822 983 887 quibus
1028 823 1204 873 codex
1248 822 1490 874 refertus
1538 827 1639 888 est,
1697 837 1951 888 quaeque
1998 823 2233 883 faciunt,

290 896 359 939 ut
393 906 586 954 parum
624 906 692 940 ex
729 897 850 940 arte
887 905 1054 954 agere
1092 889 1403 950 videantur,
1451 891 1545 955 qui
1582 892 1824 950 casibus,
1873 890 2064 951 modiS,
2100 896 2235 941 tem-

289 957 521 1023 poribus
577 963 772 1008 contra
815 959 1085 1008 rationem
1133 956 1370 1022 Gaiique
1426 959 1635 1009 aetatis
1679 973 1877 1009 morem
1928 974 1961 1007 a
2007 958 2235 1008 librario

290 1025 493 1090 positis
517 1025 916 1090 similibusque,
951 1031 1014 1075 ut
1041 1041 1169 1075 vere
1196 1026 1394 1087 dicam,
1433 1027 1589 1078 vitiis
1614 1026 2005 1081 conservandis
2032 1040 2235 1089 magna

291 1108 428 1143 cura
464 1093 708 1156 student,
745 1094 907 1158 quasi
945 1095 994 1143 is
1032 1094 1390 1158 antiquitatis
1415 1095 1573 1144 testis
1601 1099 1753 1144 esset
1788 1093 1846 1144 in
1883 1094 2035 1143 hisce
2073 1093 2234 1144 rebus

292 1159 404 1210 fide
441 1160 658 1226 dignus.
728 1161 977 1212 Eandem
1023 1167 1269 1212 aetatem
1315 1161 1461 1227 sapit
1506 1161 1846 1211 rubricarum
1884 1162 2047 1223 ratio,
2097 1176 2234 1225 quas

290 1228 580 1278 librarius¹
628 1228 864 1293 singulis
899 1229 1148 1279 materiis
1184 1230 1420 1280 maxime
1456 1229 1618 1280 initio
1656 1230 1835 1294 operis
1878 1229 2235 1294 praescripsit

291 1296 567 1360 quibusve
621 1296 1072 1362 praescribendis
1125 1297 1346 1363 saepius
1401 1297 1641 1363 spatium
1690 1312 1923 1348 vacuum
1979 1295 2230 1360 reliquit;

287 1363 430 1413 licet
468 1365 610 1413 enim
651 1363 918 1414 eiusmodi
952 1365 1200 1415 rubricas
1245 1365 1410 1429 (quod
1447 1365 1625 1430 ipsum
1661 1380 1859 1415 nomen
1894 1363 2064 1414 semel
2100 1371 2232 1414 ante

288 1433 346 1491 2,
383 1432 484 1482 268
527 1435 778 1480 notatum
824 1431 882 1480 in
928 1429 987 1480 O.
1026 1431 1326 1493 invenitur)
1381 1432 1526 1481 sicut
1570 1431 1996 1495 Responsorum‚
2053 1432 2233 1492 Quae-

291 1500 540 1547 stionum
597 1496 832 1562 aliisque
885 1498 1067 1548 minus
1115 1513 1183 1547 ex
1231 1504 1351 1547 arte
1396 1495 1827 1560 συστηματικῶς
1872 1497 2097 1562 scriptis
2142 1495 2232 1561 (cf.

287 1566 392 1614 Fr.
429 1564 558 1614 Vat.
596 1561 718 1627 227)
754 1565 835 1612 ita.
873 1565 1041 1615 etiam
1075 1564 1493 1615 Institutionum
1540 1563 1700 1614 libris
1740 1565 1982 1614 inserere
2019 1564 2232 1613 librarii

288 1637 512 1682 mature
553 1631 871 1696 coeperint²
905 1631 1078 1696 (quod
1118 1632 1184 1682 de
1211 1631 1441 1698 Ulpiani
1479 1636 1534 1681 et
1568 1631 2232 1698 Paulli-Institutionibus

432 1816 472 1882 ¹)
511 1816 627 1868 Nam
653 1819 710 1867 ab
739 1820 841 1883 ipso
861 1820 980 1870 Gaio
1007 1836 1086 1869 eas
1112 1822 1351 1884 profectas
1377 1835 1469 1868 non
1492 1835 1608 1871 esse.
1633 1822 1727 1870 iam
1747 1821 2053 1872 Goesclienus
2073 1822 2229 1874 Praei.

287 1904 341 1950 p.
367 1887 568 1936 xxvnt.
598 1887 771 1936 XXXV.
810 1889 881 1938 ed.
911 1889 1103 1937 Lacbm.
1140 1896 1266 1936 recte
1304 1887 1543 1937 iudicavit.
1597 1888 1725 1937 Unde
1757 1889 2030 1948 Boeckingii
2069 1890 2229 1937 cousi-

289 1957 406 2007 lium
435 1970 527 2004 non
556 1954 722 2019 probo,
749 1956 826 2019 qui
854 1956 931 2005 ed.
951 1963 992 2009 5.
1019 1957 1160 2006 etiam
1181 1971 1277 2013 eaS‚
1304 1971 1422 2019 quae
1449 1954 1616 2005 deesse
1642 1956 1683 2005 ei
1708 1956 1836 2004 visae
1861 1962 1985 2018 sunt,
2013 1955 2230 2004 rubricas

288 2024 544 2087 supplevit.
605 2023 794 2072 Rectius
819 2025 923 2087 quis
952 2024 1132 2079 iecerit,
1168 2024 1246 2086 qui
1272 2024 1345 2072 vel
1372 2037 1452 2071 eas
1478 2023 1821 2080 exterminaret,
1860 2037 1979 2085 quae
2007 2037 2128 2071 nunc
2155 2024 2230 2070 iu-

287 2091 387 2140 vito
414 2090 530 2141 Gaio
556 2091 855 2140 librum-eius
873 2099 1096 2147 onerant;
1123 2092 1166 2139 is
1191 2094 1315 2140 enim
1338 2092 1438 2153 ipsa
1461 2091 1677 2139 oratione
1695 2090 2099 2153 divisionibusque
2124 2098 2230 2152 apte

290 2159 435 2208 factis
460 2160 605 2207 multo
632 2158 816 2208 doctius
841 2159 1060 2222 providit,
1100 2165 1149 2207 ut
1172 2160 1323 2208 lector
1348 2173 1439 2207 non
1464 2159 1604 2221 plane
1628 2157 1848 2207 indoctus
1876 2157 2060 2218 singula
2085 2172 2229 2221 quae-

288 2242 383 2290 que
421 2226 560 2275 facile
593 2225 841 2275 inveniret.
907 2227 1002 2290 lpsi
1039 2227 1224 2276 librarii
1266 2227 1482 2276 rubricas
1525 2226 1750 2275 continuo
1791 2225 2059 2274 inscribere
2100 2226 2226 2274 circa

288 2297 434 2343 finem
458 2294 570 2349 loci,
608 2295 684 2357 qui
714 2302 784 2342 est
817 2294 875 2343 de
900 2294 1236 2352 contractibus
1277 2295 1494 2343 videntur
1519 2293 1765 2349 desivisse,
1796 2293 1953 2348 crede,
1981 2293 2089 2355 quia
2116 2308 2230 2341 con-

286 2364 422 2411 tinua
447 2362 588 2411 lectio
613 2362 661 2410 in
682 2362 864 2411 scholis
889 2377 998 2411 raro
1017 2363 1137 2411 ultra
1159 2377 1263 2411 eum
1284 2363 1442 2411 locum
1466 2362 1734 2424 perveniret
1759 2367 1805 2409 et
1828 2375 1881 2408 ex
1906 2367 2071 2423 quarto
2098 2375 2230 2408 com-

287 2430 525 2478 mentario
560 2444 707 2491 pauca
734 2436 912 2478 tantum
938 2429 995 2479 de
1020 2430 1306 2486 actionib11S‚
1343 2443 1492 2492 pauca
1518 2428 1576 2475 de
1608 2427 1961 2489 exceptionibus
1989 2426 2231 2474 traderen-

286 2506 366 2545 tur
393 2496 480 2556 (ci.
510 2504 661 2544 coust.
681 2496 878 2545 Omnem
903 2498 1023 2559 reip.
1053 2494 1108 2558 3.
1129 2494 1192 2557 1).
1245 2497 1381 2545 Certe
1406 2496 1459 2543 C.
1486 2494 1655 2543 Veron.
1682 2507 1853 2541 vacuas
1879 2491 2030 2540 lineas
2056 2493 2230 2541 inscri-

285 2564 463 2613 bendis
496 2563 702 2612 rubricis
735 2565 994 2613 destinatas
1031 2578 1123 2611 non
1159 2558 1370 2611 eontinet
1406 2562 1496 2609 nisi
1534 2574 1677 2623 usque
1712 2561 1770 2609 ad
1805 2560 1936 2608 illum
1961 2561 2118 2610 locum
2144 2558 2229 2623 (cs.

288 2639 389 2683 not.
428 2632 486 2680 ad
509 2640 548 2691 3,
575 2641 666 2680 141.
694 2630 809 2690 168.)
846 2631 925 2680 ubi
961 2630 1101 2679 etiam
1136 2630 1182 2678 in
1211 2629 1406 2689 Visigot.
1435 2628 1649 2691 Epitoma
1686 2628 1804 2677 tituli
1847 2628 1946 2676 sere
1981 2630 2223 2684 deliciunt,

289 2706 340 2747 et
361 2707 601 2762 praeterea
643 2706 818 2747 tantum
854 2698 990 2747 initio
1016 2712 1189 2746 comm.
1217 2698 1289 2748 lV.
1318 2704 1362 2745 et
1386 2703 1495 2745 ante
1518 2692 1573 2759 3.
1597 2704 1693 2746 115.
1765 2692 1897 2759 ²),1n
1927 2711 2059 2746 usum
2084 2698 2228 2746 scho-

285 2769 443 2817 larum
476 2767 768 2830 primumque
802 2766 850 2815 in
878 2766 1044 2815 Sabini
1080 2765 1218 2815 libris
1252 2765 1311 2814 ad
1348 2764 1707 2813 similitudinem
1736 2765 1896 2819 edicti,
1932 2764 2008 2813 ubi
2038 2765 2096 2813 ab
2123 2766 2227 2827 ipso

283 2841 508 2898 praetore
539 2836 683 2896 positi
718 2835 835 2883 tituli
872 2834 1064 2897 proprie
1097 2834 1471 2897 appellabantur,
1507 2833 1596 2881 boc
1637 2833 1809 2879 lactum
1846 2845 1965 2887 esse,
2003 2832 2228 2891 colligere

284 2905 403 2951 licet
438 2917 491 2949 ex
527 2902 652 2952 PerS.
677 2912 716 2953 5.
741 2912 807 2951 9ο.
836 2902 1023 2951 Petron.
1048 2910 1114 2957 46,
1150 2902 1273 2949 unde
1304 2900 1496 2958 Quintil.
1533 2901 1569 2949 1.
1596 2898 1650 2947 Ο.
1681 2907 1744 2954 12,
1769 2908 1808 2949 3.
1837 2896 1891 2961 3.
1918 2909 1983 2946 11.
2036 2899 2149 2948 ‘Alii
2176 2916 2227 2949 se

284 2970 349 3019 ad
373 2969 529 3017 album
555 2984 610 3017 ac
631 2969 848 3017 rubricas
869 2969 1101 3029 (intellige
1119 2969 1334 3017 ICtorum
1356 2964 1525 3027 libros)
1554 2963 1937 3022 transtulerunt’;
1964 2982 2227 3031 quanquam

283 3037 411 3086 tituli
439 3037 510 3086 illi
536 3038 584 3085 in
609 3035 752 3085 libris
776 3037 833 3085 ad
863 3037 1069 3085 edictum
1095 3037 1236 3085 etiam
1261 3035 1481 3084 rubricae
1514 3048 1618 3082 csse
1644 3041 1900 3097 coeperunt
1926 3034 2001 3097 (L.
2027 3046 2070 3084 2.
2099 3033 2156 3097 3.
2183 3046 2225 3084 3.

284 3107 344 3155 D.
372 3105 433 3152 de
457 3104 632 3155 interd.
657 3114 724 3160 43,
750 3105 814 3165 1.)
841 3114 883 3153 et
908 3105 1001 3153 iam
1027 3103 1302 3166 Vespasiani
1330 3110 1479 3151 aetate
1505 3102 1552 3150 in
1579 3102 1680 3150 iure
1707 3102 1852 3159 civili,
1891 3112 1939 3154 ut
1964 3111 2149 3152 constat
2174 3119 2226 3150 ex

283 3172 480 3221 acribus
505 3172 796 3235 Salpensano
823 3179 867 3220 et
893 3172 1192 3232 Malacitano‚
1220 3172 1323 3234 ipsa
1349 3185 1533 3234 quoque
1557 3171 1708 3229 legum
1738 3169 1839 3223 (sed
1863 3177 2017 3219 tamen
2043 3170 2225 3233 princi-

284 3241 465 3304 palium
493 3238 688 3295 tantum)
717 3240 870 3302 capita
891 3254 985 3288 non
1009 3239 1150 3287 rubro
1173 3240 1335 3287 colore
1360 3238 1459 3286 aeri
1485 3237 1712 3300 inscripta
1742 3237 1960 3286 rubricae
1984 3237 2223 3300 appellata

280 3314 411 3360 sunt.
436 3307 638 3370 indeque
661 3308 866 3357 luvenal.
895 3314 960 3362 14,
985 3316 1075 3355 101.
1104 3306 1295 3355 ‘rubras
1321 3306 1550 3354 maiorum
1577 3305 1725 3364 leges’
1757 3305 2039 3364 generaliter
2063 3303 2225 3351 dicere

198 3397 205 3414 2
278 3376 453 3441 potuit.
507 3375 674 3423 Verum
701 3383 747 3422 ut
772 3375 818 3423 in
849 3375 1084 3438 plerisque
1108 3376 1181 3423 ius
1207 3373 1349 3422 civile
1373 3374 1476 3421 iure
1500 3371 1736 3435 praetorio
1761 3371 2003 3433 paullatim
2028 3382 2224 3429 supera-

281 3454 383 3493 tum
411 3449 497 3499 est,
533 3443 597 3492 ita
625 3443 763 3491 etiam
790 3443 838 3489 iu
866 3442 955 3490 hac
983 3442 1108 3489 tenui
1135 3456 1188 3489 re
1213 3442 1412 3488 maxime
1437 3446 1548 3503 puto
1583 3444 1830 3499 postquam
1857 3437 1905 3482 in
1932 3434 2225 3491 Gregoriano

279 3519 333 3561 et
356 3511 735 3571 Hermogeniano
762 3509 1020 3559 Codicibus
1056 3508 1175 3557 tituli
1211 3508 1270 3556 ab
1307 3507 1425 3568 ipsis
1462 3503 1735 3554 auctoribus
1770 3501 1827 3549 ad
1864 3499 2052 3547 modum
2083 3498 2224 3546 edicti

1749 3584 1819 3614 o*
