2546 3928
2406 58 2427 89 3

374 161 492 217 146
958 174 1080 208 Gan
1116 175 1312 209 ms‘ruu
1354 160 1450 210 III.
1487 162 1722 209 82—84.
2506 58 2518 223 l

183 308 296 358 149.
496 295 593 355 82.
642 298 778 353 Sunt
808 306 986 354 autem
1018 300 1175 353 etiam
1207 299 1428 353 alterius
1461 300 1677 371 generis
1709 300 2105 368 successioneS,
2152 317 2312 370 quae

365 401 542 456 neque
572 383 697 457 lege
729 399 818 438 x11
851 383 1154 438 tabularum
1186 399 1363 454 neque
1395 384 1665 455 praetoris
1704 381 1903 454 edicto,
1941 383 2035 437 sed
2067 399 2133 438 eo
2166 385 2310 451 iure,

366 467 559 540 (quod)
603 484 872 524 consensu
914 474 1192 538 receptum
1238 473 1342 538 est,
1386 466 1727 522 introductae
1770 472 1916 521 sunt.
2004 462 2101 522 83.
2152 469 2322 524 Ecce
2512 424 2517 527 l

367 558 514 610 enim
559 569 679 608 cum
724 551 1101 624 paterfamilias
1145 567 1204 605 se
1245 551 1299 604 in
1342 551 1689 623 adoptionem
1730 551 1900 619 dedit,
1946 551 2214 606 mulierue
2259 554 2316 607 in
2514 558 2517 563 '

367 654 585 693 manum
616 637 894 707 conuenit,
937 651 1131 690 omnes
1163 650 1356 690 eorum
1387 651 1474 689 res
1504 635 1872 708 incorporales
1904 643 1957 689 et
1989 636 2316 708 corporales

370 738 615 795 quaeque
648 722 727 775 eis
758 719 967 774 debitae
1000 728 1145 787 sunt,
1191 719 1330 792 patri
1364 718 1624 789 adoptiuo
1658 719 2185 792 coemptionatoriue
2220 720 2318 774 ad·

372 808 685 879 quiruntur,
719 805 957 878 exceptis
987 804 1073 874 iis,
1107 819 1244 875 quae
1266 819 1366 876 per
1390 803 1577 876 eapitis
1603 801 2024 858 deminutionem
2049 814 2315 876 pereunt,

371 890 557 963 quales
590 895 717 944 sunt
749 888 1113 957 ususfructuS,
1158 903 1443 961 operarum
1478 886 1736 959 obligatio
1767 889 2126 964 libertorum,
2171 905 2317 960 quae

370 991 467 1048 per
497 972 867 1028 iusiurandum
899 978 1176 1027 eontracta
1209 978 1313 1042 est,
1356 979 1410 1026 et
1438 974 1567 1027 lites
1607 964 2016 1027 'contestatae¹
2062 971 2316 1043 legitimo

370 1058 589 1113 iudicio.
680 1052 779 1112 84.
828 1056 948 1111 'Ex
989 1049 1253 1112 diuerso²
1297 1055 1465 1127 'quae
1506 1048 1734 1110 debuit3
1770 1059 1839 1126 εἰς,
1872 1057 1970 1127 qui
1998 1059 2150 1111 sein
2183 1056 2319 1112 ado-

372 1143 613 1215 ptionem
645 1138 828 1209 adedit,
873 1142 965 1194 uel
996 1155 1143 1212 quae
1186 1141 1241 1194 in
1283 1152 1500 1195 manum
1533 1143 1820 1212 conuenit,
1868 1141 1947 1195 ad
1971 1140 2155 1212 ipsum
2187 1146 2318 1213 qui-

374 1227 499 1282 dem
529 1225 1051 1298 coemptionatorem
1075 1232 1168 1278 aut
1200 1224 1263 1278 ad
1296 1231 1501 1297 patrem
1526 1223 1841 1296 adoptiuum
1863 1226 2124 1295 pertinet
2154 1224 2318 1280 here-

376 1310 623 1366 ditarium
682 1326 771 1364 aes
816 1308 1076 1378 alienum,
1130 1311 1316 1381 deque
1361 1324 1456 1376 ee,
1514 1312 1647 1380 quia
1700 1307 1993 1379 delfuncto
2037 1309 2141 1364 iam
2195 1310 2316 1382 ipse

374 1404 529 1469 pater
569 1386 857 1467 adoptiuus
900 1390 1464 1464 (coemptionatorue)
1510 1391 1753 1447 succedit
1793 1398 1848 1448 et
1886 1385 2100 1454 reitr04
2153 1393 2318 1448 heres

378 1477 456 1549 fit,
490 1478 696 1533 directo
722 1485 939 1533 tenetur
971 1480 1109 1552 iure,
1143 1470 1597 1548 ’liberaturquef’
1626 1480 1691 1542 is,
1727 1479 1825 1548 qui
1852 1492 1911 1531 se
1944 1476 2318 1550 adoptandum

378 1562 546 1633 dedit,
579 1578 797 1636 quaeue
828 1564 883 1618 in
915 1579 1140 1618 manum
1174 1566 1461 1629 conuenit,
1494 1565 1628 1634 quia
1660 1560 1857 1616 desinit
1888 1554 2119 1638 ’etiami‘
2151 1561 2322 1618 heres

378 1662 501 1703 esse
513 1671 530 1709 ,·
561 1646 628 1700 de
660 1663 723 1702 eo
757 1663 911 1717 uero,
944 1645 1089 1719 quod
1113 1648 1269 1720 prius
1299 1663 1401 1702 suo
1432 1647 1651 1702 nomine
1683 1660 1785 1700 eae
1815 1661 2080 1718 personae
2113 1644 2321 1715 debue-

375 1732 511 1798 rint,
571 1729 698 1784 licet
739 1746 913 1802 neque
954 1738 1111 1803 pater
1152 1729 1446 1800 adoptiuus
1496 1737 1744 1785 teneatur
1785 1745 1960 1802 neque
2005 1731 2315 1802 coemptio-

375 1820 556 1881 nator,
586 1826 769 1884 neque
801 1812 915 1885 ipse
940 1813 1173 1884 quidem,
1208 1815 1300 1885 qui
1329 1829 1388 1868 se
1418 1815 1472 1867 in
1502 1814 1849 1886 adoptionem
1870 1812 2018 1868 dedic
2047 1816 2144 1869 uel
2174 1830 2320 1886 quae

374 1898 431 1951 in
462 1912 677 1951 manum
708 1896 984 1968 conuenit,
1015 1904 1227 1951 maneat
1258 1896 1527 1971 obligatus
1561 1898 1891 1971 obligataue,
1937 1897 2062 1970 quia
2093 1901 2322 1954 scilicet

380 1999 479 2057 per
529 1981 717 2056 capitis
774 1981 1182 2037 diminutionem
1220 1976 1582 2053 liberantur,⁷
1640 1992 1816 2038 tamen
1857 1983 1911 2036 in
1954 1998 2077 2036 eum
2124 1999 2322 2047 eamne

246 2081 359 2132 150.
379 2067 530 2125 utilis
553 2064 691 2123 actio
720 2066 878 2122 datur
902 2071 1149 2123 rescissa
1190 2059 1198 2143 Ι
1238 2061 1438 2141 capitis
1461 2067 1849 2137 deminutione,
1883 2072 1937 2121 et
1969 2067 2014 2121 si
2044 2067 2317 2123 aduersus
2340 2075 2452 2131 [229]

379 2154 520 2208 hanc
550 2153 815 2206 actionem
846 2167 958 2206 non
989 2151 1363 2219 defendantur,
1411 2168 1545 2224 quae
1578 2150 1717 2207 hona
1748 2166 1933 2206 eorum
1967 2150 2153 2205 sutura
2185 2151 2323 2207 suis·

378 2349 595 2397 restitui.
687 2343 727 2409 1)
764 2346 854 2396 Sic
878 2347 1094 2411 Rudorf.
1121 2349 1203 2397 die
1228 2352 1333 2397 lex.
1356 2349 1499 2403 Eme.
1533 2367 1581 2398 α.
1616 2350 1666 2400 d.
1693 2348 1824 2398 Inst.
1859 2350 1910 2397 d.
1941 2349 2094 2398 Gaius
2131 2348 2322 2400 Berol.

381 2425 496 2465 1866.
533 2431 588 2479 p.
624 2425 720 2468 344.
752 2414 835 2474 Cf.
855 2413 1085 2465 'Callistr.
1112 2416 1176 2464 L.
1200 2426 1251 2465 59
1278 2414 1375 2479 (58)
1416 2418 1476 2465 D.
1506 2418 1570 2466 de
1594 2416 1690 2465 obl.
1718 2423 1770 2465 et
1793 2423 1892 2468 act.
1919 2414 2014 2478 (44,
2040 2414 2103 2477 7).
2144 2415 2251 2469 Ed.
2276 2428 2321 2467 2.

378 2485 688 2547 scripseram
715 2486 868 2548 ‘quae
894 2484 1255 2536 continentur'.
1352 2481 1394 2547 ²)
1432 2484 1524 2533 Ex
1550 2484 1755 2535 Laclzm.
1783 2484 1864 2532 ed.
1891 2483 2024 2533 ‘Sed
2047 2499 2071 2531 e
2096 2485 2320 2534 diuerso’

380 2554 459 2602 ed.
489 2550 584 2615 By.
655 2549 696 2612 ³)
728 2555 876 2615 ‘quae
903 2550 1072 2600 debec'
1100 2553 1216 2605 edd.
1243 2559 1296 2600 et
1318 2567 1427 2600 mea
1452 2563 1488 2601 1.
1560 2548 1602 2613 ⁴)
1634 2552 1675 2599 is
1701 2549 1804 2613 sluo
1830 2551 2022 2600 nomine
2050 2554 2184 2600 uelut
2212 2553 2321 2615 ipse

379 2627 513 2683 pater
534 2620 781 2681 adoptiuus
806 2619 1071 2667 succedens
1096 2621 1213 2682 quia
1235 2615 1392 2682 reltro
1417 2621 1495 2671 ed.
1514 2634 1623 2668 mea
1643 2631 1680 2667 1.
1716 2621 1835 2682 qnia
1858 2615 1967 2681 sule
1994 2620 2188 2668 nomine
2214 2622 2324 2683 ipse

381 2703 426 2747 p.
456 2702 499 2733 3.
524 2687 741 2734 succedit
775 2692 864 2734 aut
895 2688 1309 2748 coemptionator,
1343 2684 1352 2749 Ι
1384 2688 1487 2750 ipse
1514 2686 1614 2750 By.
1652 2687 1730 2735 ed.
1763 2695 1802 2737 5.
1843 2685 2035 2734 Iterum
2068 2687 2325 2750 inspectis

383 2750 597 2801 Schedis
613 2768 769 2816 reque
786 2767 1047 2815 perpensa
1066 2755 1117 2802 in
1137 2753 1191 2807 Ο.
1208 2760 1328 2817 post
1349 2754 1437 2816 deq
1457 2769 1512 2803 eo
1527 2754 1689 2812 fuisse
1707 2759 1859 2816 puto:
1885 2769 1929 2816 q.
1953 2752 2194 2816 delsuncto
2222 2756 2322 2803 iam

380 2823 414 2873 i.
442 2837 487 2884 p.
526 2835 571 2870 3.
599 2820 815 2869 succedit
840 2828 885 2868 et
909 2817 1068 2883 reltro.
1109 2820 1565 2884 Coemptionatoris
1589 2836 1707 2870 vero
1727 2821 2039 2881 mentionem,
2068 2836 2200 2885 quae
2229 2824 2323 2871 ad-

380 2889 474 2938 huc
498 2889 685 2937 anxios
718 2888 925 2938 criticos
948 2888 1134 2947 habuit,
1161 2891 1419 2938 excidisse
1447 2889 1707 2948 fatendum
1733 2894 1827 2937 est.
1936 2886 1976 2947 ⁵)
2017 2892 2143 2937 ‘non
2166 2893 2320 2939 uero’

382 2971 451 3004 ex
474 2955 680 3004 Lac-hm.
702 2958 773 3018 cj.
799 2958 879 3004 ed.
899 2955 997 3020 By.
1024 2955 1270 3006 liberatur
1293 2962 1455 3005 autem
1481 2958 1558 3009 ed.
1584 2955 1680 3020 By.
1706 2965 1747 3008 5.
1816 2953 1858 3018 ⁶)
1896 2957 2029 3004 ‘iure
2054 2956 2194 3005 ciuili
2202 2959 2218 2985 ’
2249 2972 2324 3006 ex

382 3020 588 3071 Lachm.
609 3024 679 3083 ej.
705 3024 786 3071 ed.
812 3021 912 3087 By.
952 3022 1206 3086 Scriptum
1230 3025 1430 3073 videtur
1450 3023 1614 3084 fuisse
1639 3030 1698 3071 et.
1792 3022 1834 3085 ⁷)
1874 3022 1965 3071 Ex
1993 3022 2210 3074 Goesclz.
2241 3026 2326 3077 ed.

382 3088 617 3137 liberetur
650 3092 730 3138 ed.
769 3088 868 3153 By,

520 3253 573 3324 §.
601 3258 682 3306 82.
710 3277 776 3297 =
797 3272 880 3320 pr.
910 3256 957 3304 J.
984 3258 1047 3306 de
1074 3273 1183 3322 aeq.
1209 3273 1306 3321 per
1331 3259 1512 3323 adroy.
1543 3256 1604 3321 (3,
1630 3257 1719 3318 10).
1825 3254 1877 3323 ξ.
1906 3259 1990 3307 83.
2018 3279 2085 3299 =
2112 3254 2167 3323 S.
2196 3271 2236 3308 1.
2270 3261 2324 3310 I.

384 3328 498 3375 eod.
539 3325 619 3386 Cf.
656 3335 697 3388 2,
732 3333 799 3373 26.
845 3324 960 3387 Ulp.
989 3336 1051 3381 19,
1081 3334 1143 3380 18.
1180 3351 1243 3360 —
1282 3325 1383 3374 Cic.
1419 3324 1542 3388 Top.
1578 3336 1619 3377 4.
1659 3324 1709 3388 S.
1747 3336 1812 3375 23.
1861 3324 2068 3376 Sueten.
2111 3326 2219 3379 Tib.
2254 3338 2323 3376 15.

386 3408 568 3455 operar.
596 3389 712 3456 obl.]
750 3392 819 3452 cf.
855 3392 920 3440 L.
959 3402 998 3444 7.
1039 3394 1102 3445 D.
1139 3394 1203 3442 de
1241 3407 1386 3456 oper.
1425 3392 1508 3443 lib.
1547 3389 1638 3455 (38,
1666 3394 1727 3452 1).
1773 3394 1885 3454 legit
1908 3394 2027 3451 iud.]
2057 3394 2126 3457 cf.
2156 3405 2199 3455 3,
2228 3405 2332 3445 181.

385 3456 436 3520 ξ.
462 3461 543 3512 84.
581 3457 664 3519 cf.
692 3458 743 3522 S.
772 3470 811 3509 3.
849 3459 897 3507 I.
932 3461 995 3509 de
1029 3476 1139 3524 aeq.
1176 3475 1275 3523 per
1308 3474 1482 3523 arroy.
1515 3460 1575 3522 (3,
1602 3458 1690 3525 10).
1718 3459 1780 3510 L.
1809 3470 1851 3509 2.
1881 3461 1943 3509 D.
1969 3462 2034 3510 de
2059 3476 2177 3524 cap.
2201 3464 2329 3513 min.

390 3525 452 3583 (4,
476 3525 550 3586 5),·
583 3525 725 3585 infra
748 3537 789 3588 4,
811 3536 876 3579 38.
904 3536 969 3580 80.
