2546 3928
284 317 369 379 89⁹.

288 2189 367 2237 90.

2146 55 2473 147 »ι’-,Ἣ

2058 82 2067 89 .
2176 82 2189 93 γ
2208 90 2221 97 ·

387 178 463 231 96
950 190 1072 223 GAn
1113 188 1306 221 ms'ri‘r.
1344 174 1410 222 11.
1455 175 1755 222 138—143.

383 315 718 388 emancipati
762 314 964 368 fuerint
996 314 1068 367 ab
1100 315 1370 382 adoptiuo
1399 322 1587 382 patre,
1636 322 1768 367 tunc
1804 316 2084 383 incipiam
2129 312 2138 385 1
2180 316 2237 368 in
2275 333 2337 370 ea

385 417 545 456 causa
578 417 718 470 esse,
752 415 855 471 qua
888 397 1056 451 futuri
1090 406 1293 467 essent,
1326 399 1369 450 si
1404 395 1467 450 ab
1500 398 1618 469 ipso
1652 396 1882 451 naturali
1914 406 2069 470 patre
2104 399 2333 467 (eman-

385 486 582 556 cipati)
616 484 863 538 fuissent.

508 566 640 625 138.
701 568 753 622 Si
799 569 920 640 quis
971 574 1097 639 post
1141 565 1337 619 sactum
1386 573 1763 620 testamentum
1817 565 2165 637 adoptauerit
2220 568 2328 622 sibi

386 654 551 709 filium
599 662 690 708 aut
722 668 819 725 per
849 650 1110 723 populum
1142 665 1284 717 eum.
1331 650 1420 721 qui
1465 650 1547 703 sui
1591 650 1722 703 iuris
1769 659 1871 718 est,
1915 660 2005 704 aut
2038 667 2137 722 per
2165 669 2330 724 prae-

385 747 558 794 torem
592 754 734 807 eum,
779 736 868 809 qui
913 737 963 789 in
1000 742 1282 809 ‚potestate
1310 735 1549 806 parentis
1583 732 1767 801 fuerit7
1814 734 2122 789 omnimodo
2156 742 2329 790 testa-

386 833 624 878 mentum
655 823 772 876 eius
802 821 1071 891 rumpitur
1103 818 1251 891 quasi
1285 819 1572 889 agnatione
1601 819 1683 873 sui
1709 818 1937 873 heredis.
2011 814 2141 878 139.
2177 820 2325 875 Idem

388 908 520 962 iuris
554 914 655 974 est,
690 907 733 960 si
767 906 851 961 cui
885 911 1014 976 post
1046 903 1243 957 sactum
1279 910 1664 957 testamentum
1700 919 1835 956 uxor
1864 905 1917 957 in
1950 920 2162 957 manum
2194 922 2327 958 con·

389 994 590 1062 ueniat,
624 990 710 1045 uel
744 1005 879 1063 quae
915 989 965 1042 in
998 1004 1155 1042 manu
1187 985 1309 1063 suit,
1343 987 1528 1041 nubat:
1581 1003 1701 1040 nam
1732 1003 1796 1041 eo
1831 987 1991 1042 modo
2025 985 2165 1042 filiae
2194 988 2324 1044 loeo

386 1092 506 1131 esse
553 1076 739 1145 incipit
782 1082 835 1128 et
878 1073 1027 1144 quasi
1069 1089 1163 1125 sua
1202 1073 1285 1142 fit.
1384 1065 1518 1125 140.
1568 1070 1677 1125 Nec
1720 1070 1965 1143 prodest,
2005 1076 2121 1127 siue
2166 1073 2326 1138 haee,

384 1163 502 1214 siue
533 1157 645 1227 ille,
680 1158 770 1228 qui
802 1157 1092 1228 adoptatus
1126 1165 1229 1224 est,
1270 1157 1325 1209 in
1357 1172 1422 1210 eo
1457 1163 1783 1210 testamento
1822 1157 1890 1210 sit
1917 1157 2208 1211 institutus
2245 1160 2327 1212 in·

386 1235 718 1298 stitutaue:¹
763 1257 882 1313 nam
926 1240 992 1294 de
1035 1239 1454 1295 exheredatione
1498 1241 1613 1294 eius
1658 1255 2057 1312 superuacuum
2090 1240 2327 1295 'uidetur

388 1343 664 1401 quaerere,
714 1342 832 1382 cum
880 1325 1183 1380 testamenti
1229 1323 1463 1378 faciundi
1507 1331 1751 1396 tempore
1795 1341 2017 1379 suorum
2057 1324 2325 1379 heredum

388 1428 613 1466 numero
646 1428 752 1467 non
788 1410 969 1477 fuerit.
1062 1405 1188 1465 141.
1234 1406 1401 1462 Filius
1434 1425 1675 1481 quoque,
1712 1409 1801 1479 qui
1834 1425 1895 1463 ex
1929 1410 2094 1481 prima
2127 1426 2323 1464 secun-

388 1497 524 1551 daue
559 1496 947 1568 mancipatione
975 1495 1392 1563 manumittitur,
1426 1494 1547 1564 quia
1582 1494 1877 1546 reuertitur
1909 1493 1958 1546 in
1992 1501 2323 1564 potestatem

385 1582 633 1655 patriam,
677 1581 880 1653 rumpit
925 1579 1278 1635 antefactum
1314 1586 1726 1644 testanientum3
1769 1593 1868 1631 nec
1898 1576 2145 1649 prodest,
2191 1580 2236 1633 si
2270 1580 2323 1632 in
2482 1640 2483 1661 χ

387 1683 452 1721 eo
498 1673 822 1719 testamento
867 1665 1025 1718 heres
1070 1664 1352 1716 institutus
1395 1662 1480 1716 uel
1525 1660 1877 1715 exheredatus
1908 1661 2091 1717 suerit.
2185 1659 2319 1719 142.

387 1749 570 1803 Simile
602 1751 684 1802 ius
719 1749 844 1802 olim
879 1748 979 1802 suit
1010 1750 1063 1800 in
1097 1748 1212 1799 eius
1243 1762 1499 1818 persona,
1541 1748 1692 1799 cuius
1738 1748 1953 1799 nomine
1992 1762 2054 1799 ex
2100 1758 2324 1801 senatus

387 1832 639 1886 consulto
684 1834 884 1885 erroris
927 1847 1088 1885 eausa
1130 1831 1413 1900 probatur,
1460 1830 1578 1900 quia
1624 1830 1766 1883 sorte
1807 1845 1870 1883 ex
1914 1832 2199 1903 peregrina
2234 1832 2323 1886 uel

386 1915 588 1987 Latina,
623 1931 758 1989 quae
790 1931 888 1989 per
919 1930 1153 1969 errorem
1182 1914 1333 1985 quasi
1365 1914 1496 1968 ciuis
1527 1912 1761 1969 Romana
1798 1931 1931 1970 uxor
1962 1914 2120 1970 ducta
2154 1925 2323 1985 esset,
2470 1920 2477 1923 ἢ

385 2009 544 2057 natus
578 2009 748 2056 esset:
792 2017 912 2055 nam
945 2001 1062 2055 siue
1093 1999 1250 2053 heres
1282 2000 1562 2053 institutus
1596 2008 1738 2054 esset
1770 2017 1795 2053 a
1830 2009 2052 2071 parente
2084 2003 2200 2055 siue
2232 2018 2322 2055 ex-

387 2086 698 2156 lieretlatuS‚
754 2087 871 2140 siue
914 2087 1043 2139 uiuo
1089 2093 1243 2156 patre
1288 2100 1447 2138 causa
1491 2082 1711 2155 probata
1761 2085 1876 2138 siue
1918 2093 2042 2157 post
2087 2095 2319 2140 mortem
2482 2115 2488 2172 Ι

388 2173 525 2239 eiuS‚
587 2170 896 2225 omnimodo
960 2171 1109 2241 quasi
1171 2162 1517 2244 adgnaltione
1579 2168 1862 2241 rumpebat
1912 2177 2317 2224 testamentum.
2482 2177 2487 2218 Ι

388 2250 521 2309 143.
568 2254 719 2308 Nunc
753 2270 883 2307 uero
917 2269 981 2307 ex
1013 2269 1157 2308 noun
1190 2262 1409 2306 senatus
1439 2253 1712 2322 consultu,
1758 2251 1900 2324 quod
1938 2263 2159 2307 auctore
2191 2254 2319 2308 diuo
2342 2263 2473 2321 [157]

388 2337 656 2391 Hadriano
701 2336 902 2390 factum
949 2344 1053 2406 est,
1110 2337 1152 2390 si
1197 2336 1412 2407 quidem
1457 2339 1582 2391 uiuo
1634 2347 1786 2409 patre
1831 2353 1987 2391 causa
2032 2338 2320 2410 probatur,

388 2438 557 2495 aeque
604 2431 662 2475 ut
706 2421 834 2476 oiim
878 2420 1185 2475 omnimodo
1229 2423 1433 2493 rumpit
1476 2429 1887 2492 testaiiientun1;
1917 2423 1975 2484 ‚si
2021 2438 2153 2477 uero
2193 2432 2317 2494 post
2482 2397 2489 2556 ἰ

387 2516 619 2562 mortem
667 2508 855 2579 patriS‚
904 2507 1244 2579 praeteritus
1295 2506 1507 2578 quidem
1563 2508 1763 2578 rumpit
1817 2514 2221 2577 testamentum,
2276 2508 2319 2560 si

525 2668 564 2734 ¹)
602 2672 739 2718 Puta
773 2672 870 2719 lzac·
900 2672 1148 2731 formula:
1186 2675 1255 2718 ‘si
1284 2686 1421 2734 quem
1458 2672 1815 2733 adoptavero',
1853 2672 1921 2718 ‘si
1955 2686 2085 2734 quae
2120 2671 2238 2719 milti
2268 2675 2319 2718 iu

387 2755 579 2785 manum
612 2741 955 2786 convenerit’:
989 2755 1102 2786 nam
1130 2740 1177 2786 si
1208 2737 1271 2785 L.
1319 2738 1363 2785 Τ
1361 2740 1479 2786 itius
1516 2735 1677 2801 (quem
1708 2744 1892 2800 postea
1926 2737 2213 2800 adoptavit)
2244 2740 2324 2787 vel

388 2806 453 2854 L.
491 2805 625 2854 Titia
652 2807 802 2869 (quae
821 2814 1000 2868 postea
1026 2808 1077 2853 in
1097 2822 1288 2852 manum
1308 2805 1558 2867 convenit)
1587 2806 1734 2853 lzeres
1753 2807 2011 2853 institutus
2031 2807 2319 2854 institutave

382 2873 562 2935 fuerit,
598 2876 814 2935 prodest
845 2874 1111 2921 instilutio.
1161 2873 1221 2920 L.
1262 2883 1327 2921 18.
1376 2874 1436 2920 D.
1466 2875 1528 2920 de
1564 2875 1746 2921 iniusto
1783 2873 1870 2932 (28,
1901 2873 1971 2935 3).
2010 2873 2072 2920 L.
2100 2884 2167 2922 23.
2199 2871 2249 2936 3
2278 2887 2317 2923 1.

386 2941 450 2991 D.
472 2945 533 2990 cle
554 2942 636 2993 lib.
661 2947 712 2990 et
728 2947 856 3003 post.
881 2949 969 2998 (28,
997 2942 1057 3000 2).
1098 2941 1337 2989 Attamen
1358 2957 1434 2996 ea,
1463 2956 1589 3003 quae
1610 2947 1900 3003 sequuntur,
1922 2942 2122 3001 (locent,
2148 2941 2320 2990 Gaium

386 3011 533 3056 etiam
569 3011 632 3056 de
667 3009 764 3057 hac
796 3011 1109 3057 institutione
1143 3010 1364 3056 sensisse
1390 3024 1595 3071 eamque
1628 3016 1726 3055 tum
1751 3009 1969 3056 inutilem
1995 3009 2067 3056 ad
2088 3009 2321 3057 tuendum

387 3083 728 3124 testamentum
753 3081 905 3124 visam
926 3077 1104 3136 fuisse.

522 3207 572 3275 ξ.
603 3213 716 3259 138.
738 3230 803 3250 ===
830 3208 949 3272 3.1.
992 3210 1039 3257 Ι.
1069 3210 1201 3273 quib.
1229 3212 1360 3259 mod.
1391 3218 1504 3258 test.
1533 3212 1712 3270 infirm.
1745 3215 1805 3269 (2,
1835 3209 1918 3272 Π).
1964 3209 2043 3270 Cf.
2075 3220 2112 3264 1,
2140 3221 2191 3260 98
2214 3228 2322 3276 seq.

388 3275 437 3344 ξ.
472 3280 582 3327 139.
626 3278 700 3338 Cf.
734 3277 847 3340 Ulp.
875 3287 941 3337 23,
969 3287 1009 3324 3.
1033 3292 1194 3338 snpra
1220 3292 1259 3337 1,
1289 3289 1375 3326 114.
1482 3275 1531 3342 ξ.
1561 3279 1673 3325 140.
1712 3276 1792 3338 Cf.
1821 3278 1884 3327 L.
1911 3289 1961 3326 23
1993 3294 2075 3340 pr.
2107 3277 2229 3340 3.1.
2262 3281 2322 3331 1,.

386 3355 454 3394 28.
484 3344 608 3408 31.
649 3347 715 3393 D.
754 3347 816 3393 de
851 3345 931 3396 lib.
961 3351 1011 3392 et
1035 3351 1166 3406 post.
1196 3356 1283 3404 (28,
1311 3347 1375 3407 2).
1410 3346 1473 3394 L.
1501 3355 1563 3393 18.
1593 3346 1655 3392 D.
1685 3347 1747 3392 de
1772 3347 1955 3393 iniusto
1984 3349 2071 3407 (28,
2100 3346 2163 3407 3).
2192 3346 2255 3393 L.
2280 3358 2322 3397 8.

387 3411 478 3475 33.
508 3425 528 3461 7
555 3429 661 3477 seq.
703 3415 766 3462 D.
792 3415 854 3461 de
876 3413 920 3464 b.
948 3430 997 3475 p.
1019 3429 1062 3460 e.
1089 3420 1122 3460 l.
1153 3417 1236 3472 (37.
1259 3412 1322 3475 4).
1358 3413 1423 3460 L.
1453 3423 1524 3460 132
1549 3429 1631 3475 pr.
1672 3414 1734 3460 l).
1762 3414 1825 3461 de
1848 3413 1983 3461 verb.
2014 3414 2109 3465 obl.
2142 3412 2232 3476 (⁴5,
2260 3417 2322 3475 1).

388 3478 438 3544 ξ.
470 3483 581 3528 141.
622 3482 699 3541 Cf.
731 3481 846 3543 Ulp.
881 3490 945 3537 23,
974 3491 1013 3531 3.
1050 3479 1113 3527 L.
1140 3490 1207 3530 28.
1236 3476 1288 3544 3.
1319 3492 1357 3529 1.
1395 3482 1477 3528 cit.
1505 3496 1665 3538 supra
1692 3491 1732 3540 1,
1764 3490 1850 3528 132.
1878 3489 1964 3529 135.
1991 3490 2033 3535 s,
2061 3491 2105 3528 a.
2136 3484 2323 3531 collat.

387 3557 449 3602 16,
476 3557 515 3594 3.
545 3546 595 3608 S.
627 3559 667 3598 τ.
738 3545 788 3611 ξ.
820 3550 930 3596 142.
973 3547 1054 3607 Cf.
1083 3560 1121 3605 1,
1147 3545 1262 3609 (32.)
1289 3558 1353 3596 67.
1380 3558 1419 3598 3.
1446 3557 1486 3595 5.
1559 3542 1607 3610 §.
1641 3549 1752 3596 143.
1796 3547 1872 3608 Cf.
1898 3563 2058 3610 supra
2083 3560 2120 3598 1.
2150 3559 2218 3598 32.
