2546 3928
384 193 461 248 14
1261 208 1437 243 GAwS.

483 327 665 376 Etiam
703 326 870 376 libros
913 342 976 375 ex
1016 318 1079 388 Q.
1111 329 1294 377 Mucio
1321 326 1517 376 Gaium
1556 328 1612 376 in
1652 326 1958 377 scholarum
1985 342 2140 376 usum
2180 329 2314 377 scri·
2346 335 2438 390 [92]

379 392 577 456 psisse,
627 398 774 442 certe
813 394 1100 457 probabile
1141 400 1243 445 est.
1317 397 1458 445 Nam
1498 411 1618 443 curn
1657 396 1726 444 ad
1773 410 1868 444 eos
1906 410 2122 459 quoque
2160 396 2315 444 iuxta

380 459 549 509 edicti
595 461 1111 525 interpretationem
1157 463 1420 511 lectorem
1468 462 1710 526 ablegat,
1760 463 1916 525 quasi
1960 462 2316 526 promulsidis

377 525 498 576 loeo
539 528 752 591 aliquid
790 529 1000 578 addens
1047 531 1231 579 verbis
1272 530 1408 579 ‘hoc
1446 529 1620 579 solum
1659 530 1940 592 tantisper
1978 528 2182 578 sufficit
2220 531 2315 578 ad-

378 596 691 644 monuisse’
732 596 803 658 (1,
832 598 947 648 188.
985 596 1056 645 cf.
1085 598 1134 658 2,
1162 600 1242 646 97
1248 595 1287 659 ),
1329 611 1509 646 nonne
1548 596 1851 660 discipulos
1889 596 2106 646 videtur
2143 599 2315 661 respi-

379 677 523 720 cere,
585 677 650 710 ex
696 662 808 711 illis
863 664 1021 713 libris
1068 670 1264 727 postea
1320 665 1543 714 uberius
1592 663 1977 713 instruendos?
2032 664 2315 727 Suspicari

377 730 545 792 igitur
581 729 729 789 licet,
770 732 828 778 in
866 729 1071 780 scholis
1110 732 1206 780 hos
1246 731 1418 780 libros
1444 736 1612 780 antea
1640 746 1758 780 eum
1787 731 1960 780 locum
1986 732 2314 795 obtinuisse,

375 797 432 844 in
471 811 631 859 quem
668 804 862 860 postea
897 798 1194 861 Papiniani
1230 813 1497 861 responsa
1534 799 1800 847 venerint.

476 864 732 925 Denique
785 865 991 929 primus
1037 865 1224 927 Gaius,
1272 871 1333 913 ut
1381 867 1489 914 iam
1537 865 1669 923 dixi,
1718 866 1993 914 elementa.
2040 865 2320 928 quaedam.-

373 931 512 979 iuris
550 931 732 981 civilis
771 933 1076 995 composuit
1123 938 1178 982 et
1214 934 1284 982 ab
1322 934 1457 995 ipsis
1494 933 1847 982 instituendis
1890 932 2151 981 studiosis
2190 949 2318 982 ora.-v

375 1003 553 1047 torum
592 998 895 1063 exemplum
933 998 1184 1049 secutus¹
1228 999 1532 1064 appellavit
1569 1000 1967 1059 InstitutioneS‚
2015 1000 2108 1048 vel
2143 1014 2318 1062 quem

375 1066 651 1130 integrum
687 1067 722 1118 i.
764 1082 809 1115 e.
853 1082 886 1114 a
921 1066 1164 1116 librariis
1203 1068 1442 1116 nondum
1486 1067 1796 1116 mutilatum
1831 1066 2097 1115 eiusmodi
2141 1067 2321 1116 libro*

375 1148 489 1180 rum
527 1133 700 1182 fuisse
742 1133 962 1182 titulum
992 1135 1174 1183 malim
1211 1136 1446 1199 opinari,
1487 1135 1892 1184 ‘institutiones
1929 1134 2062 1184 iuris
2101 1133 2317 1183 civilis’'

373 1205 595 1249 auctore
642 1201 903 1249 Laetant.
957 1205 999 1259 1,
1052 1206 1093 1256 1.
1142 1203 1187 1262 ἓ.
1241 1205 1321 1251 12.
1395 1204 1501 1252 ‘Et
1547 1205 1594 1251 si
1640 1202 1862 1264 quidam
1911 1201 2211 1265 prudentes
2255 1205 2320 1249 et·

375 1268 569 1317 arbitri
612 1269 917 1331 aequitatis
973 1270 1357 1320 institutiones
1407 1269 1590 1319 civilis
1636 1270 1769 1318 iuris
1817 1269 2145 1332 compositas
2197 1266 2306 1317 edi-

375 1335 585 1396 derunt,
626 1336 824 1399 quibus
861 1336 1064 1385 civium
1102 1336 1486 1386 dissidentium
1525 1337 1651 1386 lites
1695 1336 2184 1399 contentionesque
2224 1351 2316 1386 so·

373 1402 571 1464 pirent,
627 1409 832 1465 quanto
891 1404 1087 1453 melius
1131 1420 1229 1452 nos
1287 1410 1340 1453 et
1395 1405 1600 1452 rectius
1652 1403 1871 1452 divinas
1923 1403 2312 1452 institutiones

368 1468 571 1520 litteris
607 1473 1065 1534 persequemur’?
1104 1473 1293 1535 Neque
1334 1471 1636 1520 audiendus
1673 1476 1757 1520 est
1794 1471 2175 1530 Mommsenus,
2216 1471 2308 1533 qui

370 1538 654 1587 Lactantii
700 1537 824 1586 loco
869 1539 1121 1602 ignorato
1161 1545 1217 1589 et
1253 1540 1453 1602 spretis
1492 1537 1835 1598 Collationis,
1883 1537 2123 1596 Boethii,
2163 1537 2306 1586 Visi-

371 1606 656 1668 gothorum
697 1610 751 1654 et
786 1605 1087 1655 Iustiniani
1122 1608 1179 1655 in
1204 1608 1424 1657 Latinis
1461 1607 1948 1656 constitutionibus
1986 1610 2041 1653 et
2075 1605 2132 1652 in
2168 1604 2309 1668 ipsis

370 1674 721 1736 Digestorum
766 1674 1219 1737 inscriptionibus
1269 1674 1602 1723 testimoniis
1646 1675 1941 1736 genuinum
1978 1673 2047 1721 iis
2083 1672 2307 1720 titulum

369 1740 796 1788 ‘Institutorum’
844 1742 1045 1789 asserit
1084 1757 1148 1789 ex
1187 1741 1349 1788 unius
1387 1741 1663 1789 Prisciani
1700 1739 1818 1802 (lib.
1860 1740 1950 1791 VI.
1989 1755 2040 1803 p.
2081 1740 2179 1788 726
2215 1739 2302 1801 P.)

371 1806 704 1854 auctoritate
755 1805 904 1866 (addi
949 1812 1132 1855 tamen
1178 1811 1395 1870 poterat
1430 1806 1625 1857 Boeth.
1676 1822 1863 1855 comm.
1911 1808 1968 1855 in
2015 1806 2129 1855 Cic.
2169 1806 2307 1870 Top.

367 1872 439 1925 ΙΙ.
485 1889 536 1936 p.
576 1875 692 1926 299.
730 1875 844 1926 303.
884 1875 1071 1934 Bait.),
1122 1889 1240 1922 cum
1280 1873 1478 1922 dudum
1514 1876 1614 1923 Ev.
1657 1875 1786 1924 Otto
1826 1890 2016 1924 comm.
2058 1873 2126 1922 ad
2163 1873 2303 1927 Inst.

367 1955 416 2003 p.
458 1943 504 1994 3.
555 1939 760 2005 aliique
800 1941 907 1991 viri
952 1937 1100 1990 docti
1148 1941 1508 2005 ostenderint,
1547 1943 1847 2006 scriptores
1894 1939 2110 1991 infimae
2149 1940 2304 1991 Lati·

367 2009 568 2058 nitatis
607 2014 662 2058 et
700 2009 756 2056 in
793 2008 878 2057 his
919 2008 1088 2057 etiam
1125 2011 1424 2072 scriptores
1463 2011 1720 2073 quosdam
1754 2011 2050 2060 Iustiniani
2077 2010 2306 2059 Institu-

366 2078 577 2125 tionum
626 2077 743 2125 eius
782 2077 837 2123 in
876 2076 1041 2125 titulo
1088 2079 1268 2140 operis
1308 2078 1387 2125 sic
1436 2077 1642 2126 dixisse
1693 2093 1757 2126 ex
1796 2077 2026 2127 licentia
2066 2076 2306 2127 Graeco-

366 2158 503 2201 rum,
550 2149 723 2192 totum
773 2159 907 2206 opus
954 2135 1023 2192 τοὶ
1053 2135 1402 2193 Ἰνστίτουτοι
1450 2143 1531 2208 (ut
1566 2144 1712 2194 Flor.
1763 2145 1871 2196 ind.
1922 2146 2089 2193 etiam
2131 2144 2306 2193 habet

368 2209 696 2259 ‘Definiton’
724 2226 821 2273 pro
849 2204 1334 2291 ‘Definitionum’),
1373 2212 1619 2276 singulos
1655 2214 1771 2261 eius
1799 2214 1969 2261 libros
2008 2204 2116 2272 τήν
2149 2227 2304 2274 πρω-

365 2292 489 2342 την,
530 2273 808 2341 δευτέραν
846 2278 963 2327 κτλ.
997 2271 1458 2329 ΗΙνστιτουτιωνα
1500 2280 1916 2345 appellantium.
1989 2278 2302 2328 Secundum

365 2360 432 2392 ea.
469 2359 615 2404 vei-0,
653 2359 793 2407 quae
832 2345 898 2394 de
937 2345 1106 2396 edicti
1142 2346 1297 2395 libris
1333 2347 1700 2411 singularibus
1726 2347 2024 2411 disputavi,
2063 2361 2164 2395 nec
2203 2346 2304 2395 du-

361 2411 494 2473 bito,
537 2411 734 2460 Gaium
768 2414 946 2476 ipsum
984 2413 1125 2462 haec
1153 2414 1460 2464 rudimenta.
1498 2430 1561 2463 eo
1599 2416 1832 2464 consilio
1858 2411 2200 2477 scripsisse,²
2237 2422 2310 2463 ut

361 2479 443 2526 ‘in
489 2480 828 2531 stationibus
873 2481 957 2529 ius
1006 2481 1225 2545 publice
1276 2482 1610 2531 docentium'
1660 2482 1820 2542 (Gell.
1863 2479 2065 2544 13,13)
2111 2481 2179 2529 ab
2229 2482 2308 2532 iis

361 2545 561 2625 potius,
608 2561 770 2609 quam
820 2552 882 2596 ut
925 2549 1194 2598 hactenus
1232 2550 1572 2610 factitatum,
1619 2550 1687 2598 ab
1726 2550 1892 2599 edicti
1929 2550 2102 2612 prima
2141 2555 2305 2611 parte

362 2613 496 2661 iuris
543 2615 781 2663 studium
830 2617 1232 2679 auspicaretur,
1282 2618 1424 2681 quod
1474 2618 1681 2681 pariter
1726 2620 1778 2667 ei
1824 2618 2071 2680 ineptum
2118 2615 2304 2666 videri

362 2680 618 2740 debebat,
666 2688 831 2744 atque
881 2684 1039 2732 nobis
1084 2684 1382 2746 videretur,
1440 2686 1486 2734 si
1538 2686 1655 2749 quis
1703 2686 1771 2733 ab
1823 2685 2010 2733 ordine
2059 2684 2301 2746 quodam

360 2718 650 2797 iudiciario
709 2749 1033 2813 explicando
1090 2757 1219 2801 ante
1266 2753 1653 2802 Institutiones
1708 2753 1795 2800 vel
1844 2751 2157 2801 Pandectas
2205 2767 2303 2800 ac-

363 2822 555 2879 ceptas
593 2816 808 2864 initium
848 2817 1034 2867 facere
1062 2819 1246 2871 vellet.
1309 2821 1476 2884 Atqui
1514 2821 1621 2869 iam
1661 2820 1861 2869 dudum
1902 2835 1966 2868 ex
2002 2833 2197 2881 rerum,
2235 2822 2300 2868 ni

497 2998 534 3059 ¹)
572 3003 685 3050 Nam
732 3011 776 3052 et
808 3004 1122 3060 Quintilianus
1166 3007 1510 3055 iustitutionem
1557 3008 1812 3056 oratoriam
1847 3014 1891 3055 et
1926 3006 2094 3056 Gelsus
2130 3013 2298 3056 orator

358 3074 473 3115 teste
497 3069 657 3121 Schol.
683 3071 740 3119 ad
765 3072 969 3120 Iuvenal.
995 3083 1034 3128 6,
1061 3083 1152 3121 243.
1190 3074 1513 3123 institutiones
1539 3075 1813 3153 scripserat,
1874 3071 1914 3134 ²)
1949 3075 2042 3122 Nec
2069 3074 2294 3136 improbo

356 3135 445 3183 hoc
473 3136 535 3184 ita
563 3146 822 3200 acceptum,
858 3146 906 3187 ut
931 3148 1177 3203 antequam
1204 3143 1528 3190 Institutiones
1552 3157 1662 3189 suas
1689 3143 1736 3191 in
1765 3143 2002 3205 publicum
2030 3142 2204 3196 ederet,
2235 3158 2292 3190 ea

353 3202 471 3264 ipsa
509 3219 626 3266 quae
660 3207 930 3269 scripserat,
968 3209 1069 3255 viva
1106 3223 1219 3256 voce
1251 3209 1545 3257 auditoribus
1579 3210 1796 3265 traderet,
1834 3224 1970 3273 quam
1999 3213 2288 3257 sententiam

353 3270 563 3331 pluribus
589 3282 828 3322 exsecutus
855 3282 923 3322 est
948 3275 1002 3323 H.
1034 3276 1275 3334 Dernburg
1300 3277 1422 3325 libro
1448 3277 1546 3325 ‘die
1570 3278 1896 3327 Institutionen
1926 3277 2007 3324 des
2033 3278 2179 3326 Gaius
2209 3279 2288 3325 ein

354 3339 720 3398 Collegienheit'
746 3351 862 3391 1869.
889 3359 933 3406 p.
954 3353 1003 3391 33
1028 3358 1144 3407 seq„
1172 3344 1309 3392 modo
1336 3359 1393 3391 ne
1417 3359 1470 3391 ex
1491 3346 1934 3393 commentariorum
1954 3346 2160 3399 nomine,
2192 3360 2288 3407 quo

353 3407 496 3457 Gaius
522 3409 609 3458 hos
637 3417 684 3458 ut
708 3410 827 3459 alios
853 3411 999 3459 libros
1019 3413 1158 3461 etiam
1178 3427 1260 3460 ore
1282 3427 1513 3474 nunquam
1537 3413 1748 3470 traditos,
1776 3414 1985 3462 modeste
2010 3412 2285 3474 appellavit,

352 3488 672 3535 argumentum
698 3478 798 3526 eius
824 3481 1086 3528 sententiae
1111 3480 1268 3528 ducas.
1319 3480 1591 3542 Quanquam
1618 3483 1756 3529 etiam
1783 3482 1874 3530 alia
1899 3481 2120 3543 pleraque
2149 3496 2204 3528 eo
2233 3481 2286 3528 in

353 3542 473 3591 libro
500 3554 704 3594 ceterum
732 3549 1078 3607 elegantissime
1104 3549 1282 3610 scripto
1309 3549 1482 3604 insunt,
1510 3563 1628 3610 quae
1654 3564 1745 3597 non
1773 3550 1937 3612 probe.
