2546 3928
785 282 899 316 oum
934 283 1132 332 msrm.
1175 269 1241 320 ΙΙ.
1281 271 1515 318 33-38.
2043 270 2117 326 75

174 408 322 462 *lium
348 408 607 462 constitui
627 409 821 479 possit,
851 407 1171 482 intellegere
1197 408 1477 479 debemuS,
1510 408 1704 464 horum
1728 409 2121 464 usumfructum

172 494 350 547 etiam
384 492 438 546 in
471 493 764 564 prouinciis
797 509 894 564 per
924 494 976 547 in
1008 494 1126 547 iure
1157 495 1458 548 cessionem
1483 494 1741 548 constitui
1773 509 1953 565 posse.
2023 491 2118 550 33.

182 574 349 642 Quod
393 584 571 630 autem
613 576 864 646 diximus,
906 575 1302 632 usumfructum
1344 578 1398 631 in
1430 579 1547 632 iure
1580 579 1880 632 cessionem
1914 584 2120 632 tantum

182 660 453 732 recipere,
495 677 603 715 non
637 669 719 715 est
752 669 955 715 temere
986 661 1209 732 dictum,
1253 663 1498 733 quamuis
1530 663 1688 716 etiam
1726 676 1824 733 per
1856 663 2123 735 mancipa-

170 745 391 798 -tionein
417 746 673 800 constitui
702 746 879 817 possit
911 762 999 813 eo,
1032 745 1179 817 quod
1209 747 1262 799 in
1294 745 1646 819 mancipanda
1667 747 2001 819 proprietate
2033 745 2123 800 de-

187 828 326 882 trahi
357 838 572 900 potest3
616 846 724 884 non
758 831 897 885 enim
929 829 1046 901 ipse
1084 829 1434 885 ususfructus
1467 831 1819 902 mancipatur,
1864 829 1959 884 sed
2003 846 2121 885 cum

180 913 238 966 in
289 913 632 985 mancipanda
675 914 1010 986 proprietate
1055 913 1370 983 deducatur,
1432 930 1496 969 eo
1543 911 1624 985 fit,
1671 920 1732 968 ut
1789 922 1920 986 aput
1963 913 2122 968 alium

184 996 552 1067 ususfructus,
607 1005 737 1070 aput
779 997 939 1053 alium
983 1000 1287 1070 proprietas
1319 992 1437 1053 sit.¹
1526 992 1624 1055 34.
1675 997 1956 1054 Hereditas
1989 1015 2122 1070 quo—

182 1098 291 1152 que
321 1083 370 1134 in
395 1082 511 1135 iure
535 1084 834 1137 cessionem
859 1090 1066 1137 tantum
1089 1083 1300 1155 recipit.
1391 1079 1486 1138 35.
1534 1083 1661 1137 Nam
1694 1084 1740 1137 si
1769 1083 1836 1153 is,
1870 1083 1935 1137 ad
1962 1098 2118 1155 quein

181 1164 249 1218 ab
295 1166 550 1220 intestato
594 1166 838 1239 legitimo
870 1168 988 1221 iure
1019 1168 1256 1239 pertinet
1288 1167 1578 1237 hereditas,
1623 1169 1677 1222 in
1719 1169 1835 1222 iure
1879 1184 1997 1222 eam
2035 1167 2123 1221 alii

182 1258 311 1304 ante
342 1248 631 1305 aditionem
674 1251 846 1320 cedat,
890 1251 942 1305 id
976 1259 1060 1304 est
1091 1259 1379 1324 antequam
1412 1253 1565 1306 heres
1599 1253 1857 1322 extiterit,
1900 1251 2121 1323 perinde

183 1332 246 1388 fit
281 1333 436 1388 heres
467 1336 535 1404 is,
576 1336 661 1389 cui
695 1336 748 1389 in
779 1336 896 1389 iure
930 1336 1173 1403 cesserit,
1219 1353 1281 1390 ac
1312 1337 1357 1389 si
1389 1337 1501 1408 ipse
1535 1352 1631 1408 per
1662 1334 1838 1408 legem
1871 1334 1936 1389 ad
1968 1335 2121 1388 here-

179 1417 409 1472 ditatem
427 1426 652 1473 uocatus
675 1427 848 1473 esset:
878 1427 1005 1490 post
1031 1418 1419 1490 obligationem
1446 1436 1577 1473 uero
1605 1420 1650 1473 si
1664 1417 2123 1490 cesserit,nihilo·

176 1503 360 1556 minus
391 1504 510 1574 ipse
549 1497 560 1575 Ι
601 1503 758 1556 heres
789 1509 1087 1574 permanet,
1131 1511 1186 1555 et
1228 1501 1298 1555 ob
1340 1503 1393 1556 id
1438 1501 1795 1556 creditoribus
1825 1501 2119 1569 tenebitur,
2141 1517 2222 1567 63.

174 1586 364 1641 debita
396 1601 530 1639 uero
564 1594 815 1657 pereunt,
861 1601 1035 1657 eoque
1067 1584 1227 1639 modo
1271 1583 1545 1640 debitores
1578 1585 1886 1639 hereditarii
1915 1585 2125 1640 lucrum

173 1670 423 1736 faciunt3
485 1684 712 1741 corpora
756 1670 1046 1723 uero·eius
1095 1668 1410 1724 hereditatis
1455 1668 1681 1741 perinde
1722 1676 2005 1725 transeunt
2060 1670 2122 1724 ad

177 1770 325 1823 eum,
364 1755 451 1807 cui
474 1769 625 1808 cessa
652 1761 735 1808 est
763 1753 1054 1822 hereditaS,
1087 1770 1147 1809 ac
1177 1755 1221 1807 si
1254 1754 1301 1808 ei
1333 1753 1546 1827 singula
1576 1754 1630 1808 in
1660 1755 1777 1808 iure
1809 1771 1959 1810 cessa
1992 1753 2121 1808 fuis-

177 1847 321 1893 sent.
412 1832 508 1892 36.
555 1837 901 1892 'l'estamento
945 1846 1122 1893 autem
1154 1839 1388 1910 scriptus
1420 1839 1579 1894 heres
1622 1846 1743 1893 ante
1776 1839 1973 1895 aditam
2004 1841 2119 1911 qui-

177 1923 304 1978 dem
349 1921 707 1978 hereditatem
746 1924 800 1978 in
841 1923 956 1978 iure
999 1922 1238 1979 cedendo
1282 1939 1394 1978 eam
1438 1922 1526 1979 alii
1566 1922 1699 1979 nihil
1744 1925 1888 1997 agit;
1930 1932 2120 1998 postea

185 2023 318 2062 uero
353 2023 509 2078 quam
543 2007 732 2062 adierit
763 2009 808 2062 si
840 2007 1013 2079 cedat,
1047 2025 1108 2063 ea
1140 2008 1412 2078 accidunt,
1446 2024 1583 2079 quae
1613 2011 1858 2080 proxime
1891 2008 2119 2062 diximus

69 2098 161 2165 255]
188 2091 254 2145 de
290 2107 375 2162 eo,
420 2091 484 2145 ad
517 2108 676 2164 quem
719 2092 781 2146 ab
814 2092 1073 2146 intestato
1116 2092 1364 2164 legitimo
1407 2091 1524 2145 iure
1564 2092 1799 2163 pertinet
1828 2091 2121 2161 hereditas,

185 2178 230 2230 si
264 2183 391 2247 post
422 2174 805 2249 obligationem
837 2174 938 2246 (in)
969 2177 1084 2230 iure
1116 2174 1289 2235 cedat.
1378 2170 1469 2231 3¹7.
1520 2174 1665 2230 Idem
1697 2183 1751 2229 et
1784 2174 1848 2229 de
1879 2191 2120 2229 necessa-

181 2255 596 2315 riis'heredibus
629 2260 874 2315 diuersae
905 2260 1122 2315 scholae
1154 2267 1404 2315 auctores
1438 2261 1765 2331 existimant,
1809 2260 1956 2333 quod
1989 2259 2120 2315 nihil

182 2344 402 2398 uidetur
444 2346 728 2414 interesse,
786 2353 966 2399 utrum
1023 2343 1272 2418 (aliquis)
1330 2344 1576 2400 adeundo
1629 2346 1986 2400 hereditatem
2032 2342 2120 2400 fiat

182 2429 365 2496 heres,
409 2446 474 2482 an
505 2428 712 2483 inuitus
745 2430 972 2483 existat.-
1014 2429 1159 2502 quod
1192 2429 1351 2501 quale
1381 2430 1472 2497 sit,
1515 2445 1616 2483 suo
1663 2428 1783 2484 loco
1818 2429 2118 2500 apparebit:

179 2512 278 2567 sed
322 2514 494 2566 nostri
539 2501 919 2585 praeceptores
953 2521 1164 2585 putant,
1209 2510 1341 2566 nihil
1374 2528 1531 2581 agere
1576 2513 1937 2567 necessarium
1969 2511 2128 2563 here-

179 2596 326 2666 dem,
359 2611 480 2650 cum
507 2599 559 2650 in
585 2598 704 2651 iure
727 2597 881 2652 cedat
907 2596 1277 2650 hereditatem.
1354 2591 1452 2650 38.
1503 2594 1873 2667 Obligationes
1898 2610 2118 2666 quoquo

179 2680 344 2735 modo
390 2690 696 2736 contractae
740 2681 874 2736 nihil
917 2673 1145 2735 eorum2
1187 2680 1486 2751 recipiunt:
1532 2696 1650 2734 nam
1695 2678 1841 2752 quod
1886 2680 2014 2733 mihi
2056 2680 2118 2735 ab

182 2765 365 2837 aliquo
410 2764 660 2837 debetur,
717 2767 768 2820 id
811 2767 854 2819 si
902 2764 1061 2819 uelim
1109 2762 1202 2818 tibi
1245 2762 1447 2826 deberi,
1508 2764 1658 2819 nullo
1702 2782 1890 2820 eorum
1933 2763 2117 2834 modO,

321 2929 359 2993 ¹)
399 2929 642 2995 Sequitur
666 2933 799 2979 linea
824 2946 1001 2978 vacua.
1072 2927 1117 2992 ²)
1153 2928 1438 2979 Excidisse
1463 2932 1661 2978 videtur
1696 2934 1849 2993 ‘quae
1877 2930 2115 2977 diximus'

168 3001 261 3047 vel
294 2999 495 3063 “quibus
522 2999 644 3062 quid
666 3000 886 3047 diximus
905 2998 1026 3058 fieri
1049 3000 1301 3046 aliorum’.

316 3147 366 3215 ξ.
392 3153 475 3200 33.
523 3150 602 3211 Cf.
641 3149 696 3213 3.
723 3160 788 3199 30.
824 3150 914 3198 Fr.
949 3149 1066 3200 Vat.
1104 3160 1168 3198 47.
1200 3162 1267 3201 50.
1306 3152 1367 3200 L.
1402 3161 1467 3199 32.
1504 3151 1569 3201 D.
1609 3152 1672 3199 de
1705 3149 1869 3209 usufr.
1897 3149 1957 3209 (7,
1987 3148 2062 3209 1).

168 3216 232 3283 ς’.
262 3220 342 3269 34.
383 3217 464 3279 Cf.
496 3217 609 3280 Ulp.
640 3229 704 3276 19,
734 3229 797 3266 11.
837 3216 981 3270 Serv.
1010 3220 1082 3266 ad
1106 3220 1238 3267 Aen.
1267 3229 1307 3276 3,
1336 3229 1426 3268 297.
1506 3216 1558 3283 ξ.
1587 3220 1671 3267 35.
1710 3217 1791 3277 Cf.
1818 3228 1858 3277 3,
1887 3226 1955 3266 85.
2001 3219 2113 3281 Ulp.

179 3297 247 3347 19,
271 3296 475 3334 12—14.
506 3285 569 3333 L.
590 3297 626 3334 1.
654 3285 708 3334 C.
734 3287 796 3334 de
822 3301 991 3336 revoc.
1011 3287 1088 3333 his
1107 3302 1153 3349 q.
1178 3288 1230 3334 in
1249 3286 1429 3347 fraud.
1462 3286 1519 3347 (7,
1542 3286 1629 3346 75).
1668 3285 1846 3334 Senec.
1869 3286 1932 3334 de
1952 3284 2117 3343 benef.

166 3364 221 3414 Ι6,
252 3362 293 3402 5.
323 3349 376 3414 S.
403 3363 445 3401 3.
486 3348 706 3417 cesserit]
743 3355 847 3401 sive
873 3353 985 3414 ipse
1011 3354 1178 3412 kere-3,
1211 3355 1315 3402 sive
1341 3357 1400 3415 is,
1438 3354 1577 3401 cuius
1602 3355 1646 3401 is
1670 3354 1772 3401 iuri
1796 3358 1982 3413 postea
2005 3352 2118 3400 sub-

168 3422 340 3469 iectus
365 3427 460 3481 est,
497 3423 627 3469 velut
659 3422 708 3469 si
737 3437 831 3469 sua
854 3420 1004 3469 heres
1030 3422 1143 3482 filia
1177 3423 1228 3470 in
1262 3437 1454 3476 manum
1479 3422 1586 3469 eius
1610 3418 1902 3468 convenerit
1936 3416 1997 3496 (3ζ
2022 3417 2116 3477 84).

184 3489 243 3537 V
236 3504 348 3539 arr.
374 3489 438 3536 de
464 3504 506 3537 r.
529 3504 575 3540 r.
599 3499 639 3546 3,
664 3498 728 3541 16.
755 3487 810 3551 S.
832 3499 874 3536 2.
915 3488 999 3536 ubi
1021 3489 1284 3552 leyendum
1309 3494 1477 3537 ‘cessa
1495 3488 1560 3533 mi
1577 3484 1905 3533 hereditate’.
1968 3480 2016 3545 ξ.
2038 3484 2120 3533 36.

166 3556 262 3619 -Cfi
288 3566 329 3616 3,
356 3565 421 3605 36.
479 3556 595 3617 Ulp.
633 3568 697 3617 19,
735 3567 798 3605 13.
825 3566 887 3604 14.
924 3555 1062 3604 Ptin.
1089 3571 1168 3619 ep.
1195 3566 1234 3611 5,
1262 3566 1300 3603 1.
1329 3553 1381 3616 3.
1409 3565 1450 3601 3.
1557 3549 1610 3614 §-
1635 3553 1718 3601 37.
1759 3547 1839 3607 Cf.
1866 3557 1907 3605 3,
1934 3557 1997 3599 87.
2036 3564 2121 3596 suo

168 3620 311 3688 loco]
342 3620 393 3686 3.
426 3632 497 3672 152
520 3639 628 3687 seq.
702 3620 754 3688 ξ.
783 3626 864 3674 38.
903 3622 983 3683 Cf.
1014 3620 1106 3683 33.
1135 3631 1198 3670 14.
1226 3633 1290 3672 19.
1314 3631 1380 3671 22.
1410 3632 1451 3679 3,
1480 3628 1572 3665 176.
