2546 3928
910 293 1029 328 out
1063 293 1258 329 msa-11³.
1297 280 1337 329 Ι.
1376 264 1611 330 56-59.
2142 281 2225 339 37

288 417 494 489 nuptiis
525 418 951 490 procreauimuS.
1015 418 1161 491 quod
1190 421 1278 474 ius
1309 421 1589 493 proprium
1627 422 1825 476 ciuium
1857 420 2224 478 Romanorum

287 509 400 557 est:
446 500 559 556 fere
592 502 733 557 enim
764 500 898 557 nulli
931 502 1018 558 alii
1048 512 1179 559 sunt
1207 504 1477 574 homineS,
1521 505 1612 578 qui
1645 503 1806 560 talem
1834 506 1889 559 in
1923 504 2061 561 filios
2091 523 2222 562 suos

284 584 486 641 habent
515 594 866 659 potestatem,
900 587 1112 660 qualem
1144 605 1245 643 nos
1277 586 1555 649 habemus,
1600 588 1762 662 idque
1794 588 1955 645 diuus
1987 584 2222 665 Haldria-
2243 598 2323 649 15.

286 685 395 725 nus
425 670 625 741 edicto,
671 670 818 744 quod
858 673 1148 744 proposuit
1177 672 1245 727 de
1275 673 1381 741 his,
1423 675 1516 745 qui
1548 672 1646 728 sibi
1688 672 1981 748 liberisque
2010 674 2125 729 suis
2156 674 2221 730 ab

284 768 351 808 eo
376 756 649 810 ciuitatem
673 754 966 811 Romanam
991 755 1267 830 petebant,
1300 756 1647 830 significauit.
1695 774 1796 813 nec
1825 773 1912 814 me
1940 764 2219 831 praeterit,

285 837 591 895 Galatarum
614 848 833 913 gentem
865 840 1108 910 credere,
1138 842 1194 896 in
1225 848 1501 915 potestate
1531 849 1816 915 parentum
1845 841 2046 898 liberos
2078 859 2216 899 esse.

282 916 380 978 56.
439 921 656 981 'Iustas
696 931 885 981 autem
925 928 1160 997 nuptias
1202 930 1572 983 contraxisse
1609 928 1934 999 liberosque
1974 931 2044 982 iis
2079 944 2218 998 pro-

138 1015 519 1076 [uszcreatos
546 1012 606 1064 in
625 1016 918 1081 potestate
938 1010 1159 1067 habere
1190 1015 1349 1067 ciues
1372 1011 1623 1067 Romani
1646 1013 1730 1067 ita
1761 1006 2220 1085 intelleyuntur‚¹

283 1093 329 1147 si
360 1093 507 1148 ciues
538 1091 802 1149 Romanas
847 1108 1044 1150 uxores
1076 1094 1350 1168 duxerint,
1395 1095 1484 1151 uel
1526 1097 1689 1151 etiam
1719 1095 1936 1152 Latinas
1972 1097 2221 1170 peregri·

282 1192 470 1248 nosue,
514 1194 635 1233 cum
668 1177 861 1252 quibus
893 1178 1185 1235 conubium
1216 1179 1474 1236 habeant:
1518 1197 1639 1236 cum
1670 1182 1810 1236 enim
1843 1180 2133 1237 conubium
2164 1180 2220 1235 id

283 1258 503 1332 efficiat,
534 1271 595 1317 ut
626 1261 779 1318 liberi
809 1265 980 1337 patris
1003 1264 1375 1321 condicionem
1408 1273 1725 1338 sequantur,
1759 1268 1959 1334 euenit,
1997 1273 2058 1320 ut
2087 1264 2219 1320 'non

285 1339 502 1419 (solum)
548 1347 695 1402 ciues
726 1346 954 1404 Romani
997 1347 1127 1404 flant
1166 1357 1251 1405 set
1294 1343 1432 1421 (et)2
1471 1350 1525 1404 in
1566 1346 1841 1423 potestate
1884 1350 2055 1423 patris
2086 1350 2217 1406 sint.

282 1424 374 1485 57.
418 1429 570 1485 Unde
611 1438 667 1485 et
708 1434 984 1488 ueteranis
1029 1433 1347 1505 quibusdam
1389 1434 1613 1489 concedi
1654 1434 1797 1489 solet
1832 1433 2216 1506 principalibus

280 1513 764 1589 constitutionibus
810 1516 1104 1570 conubium
1144 1532 1264 1571 cum
1297 1517 1381 1570 his
1412 1516 1612 1570 Latinis
1641 1518 2039 1589 peregrinisue‚
2085 1533 2217 1590 quas

282 1598 487 1669 primas
526 1603 652 1669 post
695 1599 1004 1653 missionem
1050 1616 1243 1655 uxores
1287 1599 1566 1673 duxerint3
1610 1608 1667 1654 et
1709 1601 1800 1672 qui
1841 1616 1906 1655 ex
1936 1617 2000 1656 eo
2033 1598 2236 1655 matri-'

281 1681 466 1736 monio
498 1689 820 1753 nascuntur,
863 1692 917 1737 et
958 1685 1106 1738 ciues
1134 1682 1358 1738 Romani
1399 1692 1455 1739 et
1494 1685 1549 1738 in
1579 1691 1906 1757 potestatem
1933 1693 2217 1758 parentum

280 1763 436 1820 fiunt.
523 1761 621 1822 58.
668 1766 837 1823 'Cum
878 1768 1188 1824 seruilibus
1229 1785 1370 1824 uero
1409 1772 1680 1840 personis
1718 1785 1791 1825 ne
1824 1773 2063 1842 nuptiae
2093 1774 2215 1843 qui·

277 1852 402 1906 dem
444 1857 596 1906 sunt.
685 1848 810 1908 58².
871 1851 988 1908 Sed
1025 1868 1133 1909 nec
1173 1854 1393 1909 liberas
1434 1866 1628 1910 omnes
1666 1855 1828 1911 nobis
1858 1871 2080 1911 uxores
2108 1857 2213 1911 du-

280 1949 415 1991 cere
458 1927 660 1991 licet=3
723 1951 844 1992 nam
897 1953 928 1992 a
975 1937 1310 2011 quarundam
1359 1938 1561 2012 nuptiis
1614 1937 1884 1994 abstinere
1936 1938 2214 1995 debemus.

274 2016 375 2077 59.
408 2020 557 2075 Inter
578 2035 666 2076 eas
692 2022 831 2077 enim
856 2038 1140 2095 personas,
1177 2038 1314 2095 quae
1339 2031 1621 2094 parentum
1644 2021 2010 2077 liberorumne
2033 2023 2214 2078 locum

274 2106 420 2159 inter
448 2121 508 2159 se
540 2106 810 2177 optinent,
854 2109 1074 2179 nuptiae
1104 2107 1352 2162 contrahi
1383 2122 1492 2161 non
1522 2113 1778 2179 possunt,
1821 2121 1922 2160 nec
1950 2108 2094 2161 iuter
2123 2123 2213 2161 eas

275 2189 568 2244 conubium
621 2197 725 2261 est,
789 2190 939 2246 uelut
990 2192 1132 2246 inter
1181 2200 1387 2264 patrem
1433 2198 1489 2245 et
1532 2189 1690 2245 filiam
1744 2191 1836 2246 uel
1887 2198 2107 2246 matrem
2161 2199 2215 2246 et

277 2272 444 2329 filium
477 2277 569 2330 uel
599 2291 759 2329 auum
802 2284 856 2330 et
887 2283 1134 2348 neptem3
1181 2284 1235 2331 et
1266 2277 1312 2330 si
1343 2271 1480 2331 ta'les
1509 2291 1775 2348 personae
1804 2275 1950 2331 inter
1978 2292 2037 2331 se
2069 2276 2211 2331 coie-

271 2359 406 2429 rint,
447 2358 680 2414 nefarias
720 2353 727 2436 Ι
768 2365 944 2432 atque
964 2363 1227 2416 incestas
1255 2363 1490 2431 nuptias
1523 2363 1892 2417 contraxisse
1922 2361 2206 2417 dicuntur.
2235 2372 2315 2419 16.

272 2443 510 2498 ethaeo
541 2442 683 2499 adeo
731 2445 806 2499 ita
834 2453 980 2515 sunt,
1026 2451 1086 2499 ut
1129 2446 1373 2517 quamuis
1416 2460 1513 2515 per
1552 2444 1895 2516 adoptionem
1927 2451 2211 2515 parentum

271 2525 640 2583 liberorumne
671 2527 793 2583 loco
825 2526 924 2582 sibi
958 2544 1078 2584 esse
1108 2528 1412 2599 coeperint,
1456 2543 1564 2581 uon
1595 2530 1809 2598 possint
1839 2526 1983 2580 inter
2011 2543 2071 2580 se
2102 2542 2213 2581 ma-

410 2689 449 2754 ¹)
486 2692 718 2745 Restitui.
756 2692 882 2754 Ipse
913 2691 1156 2741 librarius
1189 2693 1419 2739 lacunam
1450 2690 1752 2756 siynt‘fieavit
1775 2692 1903 2742 duos
1924 2703 2102 2742 versus
2126 2709 2212 2743 va-

270 2774 392 2810 cuos
414 2761 722 2825 relinquens.
793 2757 837 2823 ²)
872 2758 1027 2809 Hanc
1049 2762 1306 2823 vulgarem
1329 2760 1589 2809 [cottonem
1612 2760 1827 2812 restitui.
1866 2762 1976 2810 nati
1995 2797 2006 2809 .
2030 2797 2042 2811 .
2064 2797 2076 2809 .
2098 2763 2213 2811 fiant

273 2835 320 2876 et
352 2829 435 2880 ed.
465 2842 575 2877 mea
607 2826 773 2890 prior.
830 2828 1017 2877 Verum
1051 2843 1153 2877 non
1185 2829 1298 2877 nati
1326 2829 1423 2877 sed
1452 2835 1721 2878 nascentes
1748 2830 1877 2889 fiunt
1909 2830 2043 2877 cives
2066 2828 2207 2880 Rom.

271 2893 354 2955 Cf.
381 2893 434 2958 3.
459 2904 527 2947 57.
598 2892 640 2957 ³)
679 2895 873 2944 Rursus
905 2896 1116 2945 duorum
1148 2911 1377 2945 versuum
1407 2897 1640 2944 lacunam
1663 2911 1697 2944 a
1720 2895 1932 2944 librario
1959 2896 2207 2958 relictam,

188 2963 189 2966 ’
270 2971 325 3011 ut
345 2964 649 3012 sententiam
679 2963 1034 3027 significarem,
1072 2964 1284 3025 replevi.
1323 2962 1389 3011 In
1421 2962 1500 3012 his
1527 2962 1683 3011 Gaius
1713 2964 1878 3026 primo
1910 2965 2020 3013 loco
2052 2965 2209 3013 servi·

268 3028 388 3079 lium
407 3046 747 3093 personarum
770 3033 1067 3080 mentionem
1099 3046 1199 3079 non
1222 3030 1409 3080 habere
1435 3046 1534 3080 non
1559 3031 1742 3093 potuit.
1782 3029 1860 3091 Cf.
1891 3030 2009 3095 Ulp.
2034 3040 2077 3094 5,
2101 3043 2142 3085 4.
2167 3043 2207 3083 5.

272 3095 451 3161 (33.1.
479 3108 542 3149 10.
572 3096 619 3151 Ι.
646 3099 709 3147 de
734 3104 877 3162 nupt.
902 3109 942 3158 1,
969 3097 1068 3161 10):
1105 3100 1246 3147 cuius
1279 3099 1576 3148 auctoritati
1603 3100 1719 3162 plus
1751 3098 2064 3148 tribuendum
2087 3100 2206 3161 fuit,

268 3181 417 3229 quam
445 3164 568 3230 3951·
596 3167 648 3215 in
683 3166 765 3214 ed.
800 3175 859 3224 5.,
895 3167 1068 3215 aliena
1090 3165 1216 3220 haec
1241 3182 1273 3213 a
1302 3166 1501 3215 Gaiana
1528 3167 1940 3216 commentatione
1965 3181 2077 3216 esse
2099 3173 2206 3215 sta-

269 3236 474 3282 tuentis.
508 3234 638 3282 Post
660 3233 877 3296 spatium
913 3232 1205 3283 ‘Sciendum
1231 3241 1394 3283 autem
1419 3241 1500 3283 est
1531 3248 1630 3283 non
1655 3249 1823 3284 omnes
1848 3233 1991 3284 nobis
2015 3248 2209 3282 uxor-es

267 3302 457 3350 ducere
482 3302 660 3350 licere’
687 3301 767 3349 ed.
793 3299 891 3365 By.

270 3436 317 3485 I.
340 3439 406 3487 de
423 3442 563 3500 patr.
578 3443 692 3499 pot.
723 3436 783 3497 (1,
801 3432 864 3494 9).
902 3436 1045 3497 infra
1069 3433 1121 3498 3.
1143 3447 1213 3487 93.
1256 3437 1468 3499 Dionys.
1487 3446 1529 3497 2,
1551 3445 1618 3484 26.
1659 3429 1948 3495 Galatarum]
1969 3432 2039 3491 cf.
2065 3430 2207 3480 Caes.

269 3505 334 3554 de
358 3504 406 3555 b.
434 3503 563 3554 Gau.
588 3513 629 3560 6,
656 3514 720 3553 19.
814 3501 864 3569 ξ.
891 3505 975 3553 56.
1019 3502 1095 3565 Cf.
1125 3504 1242 3566 Ulp.
1270 3514 1313 3563 5,
1339 3514 1363 3551 2
1387 3518 1494 3566 seq.
1585 3498 1638 3565 ξ.
1672 3502 1754 3548 57.
1797 3499 1876 3559 Of.
1902 3496 2099 3545 tabulas
2123 3497 2211 3545 Ito-

268 3579 446 3621 nestae
470 3572 739 3634 missioniS,
776 3585 905 3634 quae
943 3570 1108 3619 adnue
1137 3576 1363 3619 exstant.
1467 3563 1557 3632 ἓξ.
1582 3569 1685 3617 58·.
1712 3567 1795 3613 59.
1821 3582 1889 3603 ==
1913 3559 1965 3624 S.
1992 3573 2029 3614 1.
2068 3562 2117 3609 I.
2144 3564 2212 3609 de

269 3645 411 3703 nupt.
440 3652 481 3698 1,
505 3643 572 3688 1ο.
613 3638 693 3700 Cf.
724 3637 839 3700 Uip.
864 3647 909 3696 6,
934 3647 980 3687 6.
1021 3636 1165 3688 Paul.
1189 3646 1234 3695 2,
1262 3634 1414 3696 19.,3.
1440 3643 1480 3682 6.
1524 3632 1699 3680 Cottae.
1728 3640 1767 3683 6,
1794 3640 1833 3681 3.
1862 3627 1917 3689 S.
1943 3640 1979 3679 1.
