2546 3928
330 186 411 240 20
1198 196 1384 232 anve.

329 335 395 367 ex
432 318 632 367 Collat.
673 318 757 369 tit.
796 317 938 366 XVI.
979 324 1035 367 et
1073 318 1305 368 Boethio
1341 317 1399 365 in
1443 316 1557 369 Cic.
1598 318 1735 382 Top.
1773 334 1822 382 p.
1860 320 1959 369 303
1996 318 2261 381 constat),

328 392 509 435 tamen
548 400 685 450 quas
726 385 1059 435 Veronensis
1108 385 1285 435 codex
1322 389 1593 449 praestat,
1642 387 1845 450 partim
1879 385 2266 450 ineptissimae
2293 384 2415 453 [98]

327 459 469 502 sunt.
522 452 705 514 Quid?
745 452 886 517 quod
923 452 1064 503 adeo
1091 451 1209 502 eius
1248 453 1484 517 scriptor
1512 453 1688 517 stipes
1717 453 1840 513 fuit,
1880 457 2073 503 utnon
2100 452 2262 504 modo

325 519 573 571 Graecae
623 520 975 571 litteraturae
1023 521 1240 571 nescius
1279 521 1495 572 Graec-a
1542 522 1724 570 omnia
1770 521 2117 585 praeteriret,
2166 521 2264 570 sed

327 589 493 638 etiam
530 589 587 637 in
616 588 833 638 Latinis
871 603 1033 652 quum
1072 587 1145 637 ad
1181 587 1456 638 rubricam
1491 588 1740 638 venisset
1775 588 1859 638 vel
1896 588 2114 638 venisse
2155 588 2265 638 sibi

327 655 609 706 videretur
655 656 735 717 (et
782 656 947 722 facile
998 656 1107 705 sibi
1155 672 1221 706 ex
1266 656 1494 720 pigritia
1529 655 1862 717 videbatur),
1913 655 2121 718 iudicii,
2167 656 2267 706 ubi

326 724 547 774 rubrica
574 723 857 774 desineret
893 728 949 772 et
987 738 1131 773 nova.
1167 727 1349 773 oratio
1387 723 1673 788 inciperet,
1711 738 1923 788 expers,
1960 723 2266 774 baudraro

327 807 448 841 cum
489 791 709 841 rubrica
756 789 830 854 (si
866 791 1024 842 modo
1069 790 1291 841 rubrica
1328 790 1471 852 erat)
1520 791 1689 840 etiarn
1728 795 1955 855 partem,
2001 797 2059 840 ut
2097 790 2267 852 pluri·

328 874 468 908 mum
517 859 792 924 integrum
839 873 1071 921 versum,
1120 859 1248 908 novi
1296 856 1518 908 articuli
1565 859 1842 908 omitteret
1887 855 2039 923 (vide
2092 862 2133 918 1,
2178 857 2263 908 56.

326 929 407 977 58.
446 929 527 980 65.
565 928 648 976 76.
687 928 769 978 97.
812 927 924 977 108.
962 928 1011 988 2,
1053 931 1100 975 1.
1138 928 1219 977 97.
1259 929 1310 989 3,
1347 926 1429 978 85.
1470 927 1552 976 88.
1593 928 1706 978 139.
1750 927 1860 976 162.
1900 928 1950 984 4,
1996 922 2079 990 1.).
2147 926 2266 975 Nec

327 994 495 1043 facile
542 995 647 1043 nisi
695 994 936 1043 barbara
983 999 1170 1044 aetate
1217 1009 1326 1044 non
1375 993 1744 1044 animadverti
1790 998 2007 1058 poterat
2049 992 2264 1054 folium,

328 1061 473 1126 qnod
518 1061 818 1125 aliquando
867 1060 1174 1124 exciderat,
1224 1061 1408 1112 alieno
1446 1061 1567 1111 loco
1606 1076 1639 1109 a
1674 1060 1846 1110 biblio
1890 1076 1995 1125 ega
2037 1061 2267 1110 restitu-

329 1137 468 1191 tum,
516 1129 658 1193 quod
705 1129 913 1179 accidit
958 1127 1250 1194 (quicquid
1310 1129 1657 1179 contradicat
1700 1077 2136 1192 Boecssingius)¹
2198 1145 2269 1179 ex

326 1195 677 1246 Heimbachii
732 1201 786 1245 et
831 1212 954 1245 mea
1000 1199 1282 1247 sententia
1329 1199 1377 1259 2,
1418 1197 1684 1256 65-79.,
1732 1202 1793 1246 ut
1838 1196 2016 1246 simile
2064 1195 2267 1246 vitium

327 1270 544 1315 taceam
571 1264 642 1312 ad
668 1267 717 1323 3,
748 1266 859 1315 138.
885 1280 918 1313 a
948 1279 1029 1313 me
1058 1264 1376 1314 indicatum.
1436 1264 1565 1314 Noli
1589 1279 1722 1314 vero
1749 1264 1984 1329 opinari,
2025 1264 2269 1313 omnium

327 1332 516 1382 horum
554 1332 811 1380 vitiorum
859 1332 1035 1396 ipsum
1085 1331 1291 1383 codicis
1328 1332 1663 1384 Veronensis
1709 1332 2033 1396 scriptorem
2072 1336 2270 1381 aucto·

328 1414 438 1449 rem
477 1398 674 1448 fuisse.
748 1399 813 1448 In
862 1399 1002 1449 libro
1048 1399 1213 1448 toties
1261 1400 1604 1463 maximeque
1642 1399 1918 1459 iuvenum,
1961 1399 2054 1461 qui
2091 1398 2268 1448 facile

328 1466 764 1531 decipiebantur,
804 1467 859 1516 in
898 1482 1052 1518 usum
1089 1466 1372 1531 descripto
1409 1466 1552 1516 haud
1580 1482 1756 1531 pauca
1785 1468 1901 1516 sine
1928 1466 2092 1516 dubio
2120 1467 2272 1515 anti-

327 1535 571 1600 quiorem
609 1534 922 1585 habuerunt
970 1532 1303 1599 originem:²
1348 1533 1406 1584 id
1443 1534 1586 1601 quod
1623 1534 2028 1598 circumspecto
2065 1535 2270 1582 critico

326 1604 382 1651 in
420 1602 507 1651 his
543 1603 868 1666 praesertim
916 1602 1214 1653 notandum
1262 1606 1365 1665 est,
1406 1617 1546 1667 quae
1596 1600 1890 1665 aliquando
1940 1601 2272 1651 exciderunt

327 1676 382 1719 et
428 1668 495 1719 ad
545 1671 846 1734 marginem
903 1669 1162 1720 librorum
1210 1670 1355 1719 alius
1402 1671 1545 1719 forte
1594 1670 1803 1718 formae
1848 1667 2270 1732 longiorumque

330 1751 583 1786 versuum
609 1736 869 1800 suppleta
896 1742 1091 1799 postea
1119 1736 1301 1786 alieno
1340 1736 1461 1786 loc-o
1500 1737 1759 1786 restituta
1796 1741 1924 1785 sunt
1959 1734 2048 1783 vel
2086 1735 2272 1798 perie-

327 1808 469 1854 runt.
506 1828 572 1836 --
610 1803 822 1851 Habuit
858 1803 1027 1853 codex
1066 1803 1226 1852 initio
1268 1805 1363 1852 129
1402 1803 1540 1853 folia
1576 1802 1783 1853 formae
1811 1803 2113 1867 quadratae
2151 1817 2271 1850 me-

326 1870 472 1929 diae,
518 1869 725 1933 pagina
772 1884 987 1934 quaque
1037 1870 1353 1935 plerumque
1400 1872 1466 1919 24
1512 1885 1719 1932 ver-sue,
1767 1886 1929 1920 versu
1966 1871 2030 1920 39
2068 1868 2168 1918 sed
2207 1877 2274 1920 et

328 1937 397 1988 ad
434 1938 500 1987 45
540 1936 756 1988 litteras
795 1938 1132 1989 continente.
1204 1938 1289 1987 Ex
1326 1938 1412 1988 his
1451 1939 1560 1988 tria
1600 1936 1735 1989 folia
1771 1937 1936 2003 plane
1974 1936 2271 2003 deperdita

327 2011 470 2068 sunt,
522 2005 680 2056 salvo
730 2010 915 2055 tamen
961 2007 1122 2056 initio
1173 2011 1227 2056 et
1273 2006 1381 2057 fine
1428 2010 1630 2072 operis,
1678 2012 1731 2054 et
1776 2011 1838 2055 ut
1875 2021 2036 2055 unum
2074 2019 2269 2055 eorum

328 2090 469 2138 quae
509 2074 832 2124 continebat
870 2073 1067 2124 saltem
1107 2091 1171 2124 ex
1208 2077 1366 2138 parte
1390 2073 1616 2123 aliunde
1644 2074 1839 2123 sarciri
1879 2078 2104 2138 possent
2141 2072 2274 2135 (lib.

326 2141 427 2191 111.
466 2141 634 2201 init..).
709 2141 866 2202 Quae
914 2148 1209 2205 supersunt
1260 2142 1417 2202 folia,
1467 2141 1690 2191 turbato
1738 2142 1927 2190 ordine
1967 2140 2271 2204 deletaque

328 2209 508 2273 priore
562 2209 837 2273 scriptura
892 2224 1032 2258 novo
1093 2209 1273 2258 codici
1327 2209 1598 2258 variorum
1656 2208 1977 2272 Hieronymi
2037 2222 2272 2272 operum

325 2275 588 2326 faciendo
626 2277 1016 2337 inservierunt,
1063 2277 1147 2326 ita
1189 2280 1251 2325 ut
1286 2277 1481 2340 paucis
1517 2276 1767 2340 exceptis
1803 2276 1992 2339 semel,
2040 2275 2274 2325 circiter

327 2347 558 2408 quartae
607 2358 739 2393 vero
789 2342 1045 2393 foliorum
1090 2346 1236 2408 parti
1282 2343 1420 2393 adeo
1466 2343 1550 2392 bis
1588 2358 1729 2392 nova
1777 2345 2053 2409 scriptura
2089 2343 2271 2407 impo-

325 2415 569 2461 neretur.
623 2411 948 2462 Lectionem
984 2414 1277 2475 praeterea
1315 2410 1608 2473 frequente
1647 2410 1908 2475 siglarum
1946 2414 2065 2461 sive
2102 2417 2270 2460 nota·

325 2496 441 2529 rum
467 2494 568 2529 usu
595 2478 932 2544 impediente
961 2494 1028 2528 ex
1056 2493 1242 2528 earum
1282 2493 1505 2542 genere,
1545 2493 1687 2542 quae
1724 2482 1856 2528 ante
1896 2478 2270 2529 Iustinianum

327 2548 383 2596 in
434 2562 536 2597 usu
591 2547 760 2610 fuere,
817 2561 1154 2611 quarumque
1208 2545 1450 2608 indicem
1497 2546 1855 2596 utilissimum
1901 2545 2272 2597 Goeschenus

326 2614 555 2664 editioni
580 2630 711 2665 suae
745 2615 972 2675 adiecit,
1010 2613 1314 2664 mirandum
1355 2629 1462 2664 non
1502 2620 1603 2675 est,
1642 2613 1783 2678 quod
1822 2629 1889 2663 ex
1926 2618 2086 2663 tanto
2124 2628 2266 2663 nau-

327 2682 508 2746 fragio
574 2697 677 2731 nec
733 2683 1084 2746 peritissimis
1142 2682 1516 2731 urinatoribus
1571 2682 1753 2731 omnia
1804 2680 1961 2731 licuit
2016 2696 2265 2731 servare.

324 2749 439 2799 Nec
476 2754 661 2798 tamen
698 2748 928 2798 multum
965 2748 1111 2797 ultra
1149 2749 1417 2798 decimam
1455 2754 1668 2813 partem
1706 2749 1885 2812 operis
1923 2748 2147 2809 interiit,
2207 2749 2271 2800 eb

326 2833 447 2867 eum
496 2815 710 2880 aliquid
758 2832 825 2864 ex
859 2814 1174 2865 Collatione
1219 2814 1311 2866 vel
1367 2832 1434 2866 ex
1471 2816 1765 2866 Iustiniani
1809 2816 2268 2869 institutionibus

326 2890 383 2934 et
418 2885 671 2950 Digestis
709 2884 888 2948 potuit
924 2883 1198 2944 resarciri,
1247 2888 1360 2932 tum
1398 2884 1654 2949 repetitis
1691 2884 1928 2934 virorum
1978 2884 2268 2937 doctorum

322 3073 522 3134 singulis
558 3073 768 3121 materiis
801 3072 1021 3135 inscripti
1058 3079 1230 3127 essent,
1278 3071 1403 3120 idem
1439 3071 1651 3131 contigit,
1692 3070 1970 3135 tandemque
2006 3072 2183 3121 Alarici
2221 3080 2269 3122 et

322 3142 568 3190 Iustiniani
597 3147 764 3195 aetate,
800 3140 877 3203 qui
915 3139 1054 3187 etiam
1083 3140 1226 3188 totius
1256 3139 1374 3187 iuris
1409 3139 1564 3189 civilis
1599 3139 1825 3188 enucleati
1865 3139 2078 3188 codicem
2116 3141 2268 3202 Dige-

324 3217 503 3259 storum
529 3209 588 3257 ad
614 3209 817 3257 edictum
846 3214 1089 3271 spectante
1115 3208 1306 3257 nomine
1330 3207 1595 3270 appellavit,
1623 3221 1677 3254 eo
1702 3213 1973 3269 perventum
2001 3214 2085 3262 est,
2116 3214 2164 3257 ut
2190 3212 2265 3259 vel

323 3278 643 3328 scholasticae
667 3276 988 3325 Institutiones
1022 3276 1082 3324 ab
1108 3276 1212 3339 ipso
1238 3281 1432 3323 auctore
1467 3288 1551 3337 per
1575 3281 1718 3323 totum
1746 3275 1892 3322 titulis
1917 3274 2265 3325 distribueren—

323 3353 410 3404 tur,
439 3360 585 3410 eaque
610 3345 854 3394 honestior
886 3345 1139 3407 appellatio
1164 3343 1471 3392 librariorum
1511 3342 1725 3391 rubricas
1750 3343 2013 3404 expelleret.
2091 3340 2129 3404 ¹)
2169 3345 2264 3395 Sed

323 3415 418 3463 iam
445 3414 628 3464 veritati
657 3413 899 3462 concessit
925 3412 998 3464 ed.
1021 3420 1060 3466 5,
1152 3409 1192 3472 ²)
1233 3410 1387 3459 Etiam
1414 3424 1465 3457 ea
1496 3409 1790 3471 exemplaria,
1820 3409 1988 3472 quibus
2013 3411 2266 3462 Iustiniani

325 3483 402 3543 qui
448 3489 813 3546 composuerunt
848 3480 1173 3529 Institutiones
1220 3478 1292 3527 usi
1329 3483 1450 3532 sunt.
1486 3478 1712 3540 quaedam
1750 3477 1971 3526 babuisse
2005 3479 2116 3527 vitia
2155 3495 2266 3530 cum

325 3548 490 3601 Veron.
521 3552 572 3600 C.
600 3550 882 3605 communia,
911 3550 1067 3597 notavi
1095 3546 1155 3595 ad
1179 3556 1218 3602 2,
1245 3555 1313 3598 94.
1340 3554 1380 3604 3,
1412 3553 1500 3594 196.
1529 3555 1567 3601 4,
1593 3554 1659 3593 82.
