2546 3928
1149 163 1324 198 ouvs.
2172 146 2207 203 5

277 281 597 334 scriberet.¹
669 283 838 346 Atqui
885 287 996 333 tum
1042 284 1152 332 iam
1197 283 1372 333 libros
1418 299 1482 332 ex
1529 283 1593 345 Q.
1628 282 1813 333 Mucio
1850 280 2103 332 ediderat
2142 279 2210 343 (1,

277 351 419 414 188.)
460 358 516 402 et
555 352 795 401 edictum
821 351 1220 416 interpretatus
1260 356 1382 400 erat
1422 350 1492 413 (1,
1523 350 1677 412 188.)‚
1719 349 1861 414 quod
1888 349 2215 413 simpliciter

242 419 480 468 ‘dictum
519 420 740 470 nonnisi
775 419 1022 468 urbicum
1061 433 1181 468 esse
1227 422 1431 482 potest,
1477 423 1536 467 ut
1572 417 1703 468 libri
1743 418 1811 466 ad
1850 417 2088 467 edictum
2126 431 2213 465 ur-

273 487 455 537 bicum
500 486 757 552 intellegi
794 486 1050 548 debeant,
1103 486 1304 549 quibus
1354 485 1485 536 solis
1525 485 1691 535 etiam
1730 483 1990 534 eiusmodi
2030 482 2214 547 (quam

276 555 355 603 ibi
399 546 559 618 dicit)
609 553 676 604 de
723 554 1022 603 tutelarum
1069 553 1338 604 divisione
1386 553 1704 616 disquisitio
1749 552 1925 616 magis
1972 551 2038 602 ad
2078 551 2214 600 artis

279 621 632 686 disciplinam
680 635 843 684 quam
890 621 960 670 ad
1006 620 1112 670 fori
1156 635 1316 670 usum
1365 623 1648 684 pertinens
1686 620 1957 681 convenit,
2007 634 2215 668 eorum-

276 690 506 752 demque
565 689 734 738 etiam
780 689 989 753 proprii
1037 687 1103 737 de
1152 688 1416 737 bonorum
1461 687 1901 752 possessionibus
1947 701 2215 736 commen-

276 757 410 806 tarii
448 771 577 820 pars
615 756 786 806 fuisse
821 755 1096 819 videntur,
1149 769 1287 818 quos
1329 755 1521 804 laudat
1558 759 1607 818 3,
1646 757 1727 805 33.
1764 752 1894 818 (54).
1950 754 2213 817 sequitur,

273 830 336 872 ut
374 825 698 887 ‘imperator
721 827 951 884 noster’,
997 838 1159 885 quem
1196 823 1254 871 in
1292 822 1379 872 his
1414 823 1573 873 libris
1611 822 1808 872 laudat
1844 821 1911 868 L.
1950 825 2032 872 73.
2072 820 2125 883 S.
2166 823 2214 870 1.

273 892 342 943 D.
381 891 448 940 de
487 891 597 955 leg.
639 894 685 940 1.
722 891 893 940 fuerit
930 890 996 942 D.
1023 890 1171 939 Pius.
1232 892 1536 941 Praeterea
1561 895 1689 954 post
1721 889 1925 940 obitum
1951 887 2217 938 Antonini

273 958 364 1007 Pii
411 959 649 1022 scriptos
693 973 816 1008 esse
863 957 1035 1008 libros
1081 958 1217 1008 duos
1262 956 1823 1013 fideicommissorum,
1881 959 2100 1006 constat
2150 970 2217 1003 ex

275 1026 338 1073 L.
375 1028 458 1076 90.
504 1027 571 1077 D.
613 1026 662 1078 d.
705 1025 914 1076 condit.
955 1029 1010 1074 et
1049 1025 1190 1075 dem.
1232 1024 1337 1087 (35,
1372 1025 1427 1090 1)
1467 1026 1533 1075 L.
1570 1027 1655 1076 96.
1699 1025 1767 1073 D.
1808 1023 1875 1072 de
1912 1023 2022 1087 leg.
2064 1026 2114 1074 3.
2150 1022 2215 1071 L.

274 1095 356 1144 63.
394 1092 448 1156 3.
489 1093 533 1145 5.
581 1093 646 1146 D.
686 1092 753 1142 ad
794 1093 896 1143 SC.
935 1093 1102 1145 Treb.
1141 1091 1250 1155 (36,
1292 1092 1372 1156 1):
1418 1093 1563 1142 idem
1602 1093 1666 1141 de
1704 1092 1863 1141 libris
1902 1090 2215 1155 quindecim

277 1160 349 1209 ad
386 1161 566 1222 legem
597 1159 796 1209 Iuliam
837 1165 892 1210 et
915 1160 1147 1224 Papiam
1187 1165 1341 1210 certe
1379 1156 1814 1224 posterioribus²
1852 1164 2007 1222 patet
2047 1173 2114 1207 ex
2151 1157 2216 1208 L.

274 1229 356 1277 56.
406 1228 476 1276 D.
518 1227 585 1277 de
622 1228 730 1292 leg.
768 1230 817 1276 2.
856 1232 912 1278 et
951 1227 1017 1277 de
1055 1228 1217 1276 libris
1253 1227 1633 1291 singularibus
1671 1227 1741 1277 ad
1782 1225 1882 1276 SC.
1920 1224 2217 1274 Tertullia-

274 1309 405 1343 num
444 1299 501 1344 et
538 1294 606 1344 ad
647 1294 747 1343 SC.
784 1294 1174 1358 Orphitianum
1213 1311 1264 1346 a.
1294 1297 1390 1346 178
1428 1296 1639 1345 factum
1677 1311 1744 1344 ex
1781 1295 1845 1343 L.
1887 1296 1918 1344 8
1958 1299 2011 1342 et
2048 1295 2097 1343 9.
2147 1293 2216 1340 D.

278 1362 347 1411 ad
387 1360 490 1413 SC.
528 1361 763 1412 Tertull.
814 1359 917 1425 (38,
967 1362 1071 1424 17).
1145 1361 1349 1412 Cetera
1397 1364 1514 1413 eius
1562 1363 1771 1426 scripta
1810 1361 2027 1424 quando
2068 1359 2216 1408 edita

276 1429 506 1487 fuerint,
554 1434 653 1477 aut.
696 1429 1012 1492 disputatur
1059 1433 1158 1478 aut
1203 1429 1367 1492 plane
1414 1432 1687 1479 incertum
1727 1432 1830 1477 est.
1903 1428 2008 1477 Sed
2045 1427 2217 1477 libros

277 1495 516 1558 triginta
561 1495 671 1554 vel,
718 1497 1128 1543 connumeratis
1172 1495 1333 1544 libris
1382 1497 1450 1544 ad
1488 1496 1727 1544 edictum
1771 1493 2029 1542 aedilium
2067 1507 2220 1542 curu-

277 1561 436 1622 lium,
484 1559 715 1625 triginta
763 1559 873 1610 duo
907 1560 978 1609 ad
1015 1561 1256 1610 edictum
1303 1561 1645 1625 provinciale
1696 1567 1751 1611 et
1787 1561 1937 1623 ipsos
1975 1564 2096 1625 post
2131 1561 2218 1609 In-

276 1627 604 1677 stitutiones
663 1630 995 1691 compositos
1042 1643 1181 1688 esse,
1236 1630 1367 1678 item
1415 1630 1552 1678 satis
1598 1633 1719 1679 tuto
1767 1630 2010 1678 statuere
2056 1628 2217 1688 licet3

273 1711 387 1746 non
433 1699 647 1744 tantum
697 1696 824 1759 quia
870 1695 1077 1744 maiore
1122 1696 1192 1744 iis
1243 1696 1634 1760 componendis
1683 1710 1817 1759 opus
1868 1701 1987 1746 erat
2022 1710 2125 1745 usu
2164 1701 2218 1745 et

276 1756 625 1826 experientia
669 1761 776 1811 fori
823 1760 905 1826 (ut
940 1778 1048 1813 non
1092 1763 1285 1827 inepte
1330 1764 1544 1814 iudicat
1581 1764 1802 1814 Stieber
1850 1764 1920 1814 ad
1959 1763 2221 1813 Wenckii

276 1844 465 1894 opusc.
502 1846 554 1894 p.
595 1827 840 1894 xxlx.),
880 1829 978 1880 sed
1013 1831 1181 1879 etiam
1233 1830 1401 1894 (quod
1437 1846 1523 1880 me
1559 1831 1792 1880 maxime
1830 1829 2036 1895 movet)
2087 1831 2217 1894 quia

274 1897 415 1946 libro
452 1897 496 1947 I.
532 1898 596 1945 L.
633 1899 714 1948 30.
749 1897 797 1956 ξ.
836 1899 883 1948 2.
938 1898 1005 1947 D.
1054 1898 1120 1948 de
1157 1899 1337 1962 pactis
1385 1896 1456 1961 (2,
1498 1897 1583 1962 14)
1634 1901 1972 1949 sententiam
2017 1898 2218 1959 reiicit,

279 1981 441 2029 quam
466 1966 603 2014 Inst.
641 1967 690 2027 3,
719 1966 836 2016 179.
885 1970 1225 2030 tentaverat,
1268 1972 1324 2015 et
1361 1967 1500 2017 libro
1536 1968 1629 2016 VI.
1656 1969 1720 2016 L.
1748 1969 1799 2020 3.
1836 1968 1907 2015 D.
1934 1966 1999 2015 de
2025 1964 2214 2015 hered.

276 2038 390 2097 pet.
446 2033 517 2092 (5,
565 2032 618 2094 3)
674 2032 1005 2082 mentionem
1060 2033 1251 2086 habet.
1283 2034 1541 2084 heredum
1598 2049 1665 2083 ex
1721 2032 2218 2085 senatusconsultis

276 2098 651 2162 (Tertulliano
698 2104 754 2148 et
791 2099 1170 2165 Orphitiano):
1218 2116 1321 2150 nec
1368 2101 1537 2151 facile
1574 2102 1713 2150 Inst.
1754 2106 1801 2165 1,
1846 2102 1959 2154 188.
2009 2099 2217 2164 simpli-

278 2170 420 2216 citer
459 2166 628 2216 edicti
662 2166 1179 2230 interpretationem
1206 2167 1512 2231 laudasset,
1551 2170 1598 2219 si
1633 2173 1748 2218 tum
1786 2172 1894 2219 iam
1923 2172 2215 2232 utrumque

278 2234 519 2283 edictum
558 2235 960 2298 interpretatus
1001 2240 1177 2284 esset:
1225 2236 1574 2299 quamobrem
1614 2238 1780 2286 etiam
1819 2238 1884 2290 L.
1919 2238 2005 2286 42.
2041 2237 2110 2286 D.
2148 2236 2216 2284 de

277 2302 401 2353 don.
442 2303 543 2353 int.
579 2301 683 2349 vir.
726 2301 829 2364 (24,
865 2301 913 2363 1)
955 2317 1020 2351 ex
1057 2301 1154 2351 lib.
1192 2302 1288 2357 XI.
1328 2310 1777 2355 commemoratus
1815 2305 2074 2369 princeps
2112 2302 2216 2351 An-

278 2370 502 2419 toninus
538 2383 635 2433 pro
661 2369 851 2419 Marco
876 2369 1164 2419 habendus
1190 2371 1313 2420 erit.
1370 2372 1627 2434 Denique
1668 2374 1834 2422 etiam
1871 2386 2046 2420 rerum
2087 2385 2216 2434 quo·

276 2436 611 2486 tidianarum
661 2436 809 2499 libri,
858 2436 904 2485 si
939 2441 1113 2487 totam
1153 2453 1334 2487 eorum
1374 2439 1645 2488 rationem
1685 2439 2059 2503 perpenderis,
2108 2452 2217 2485 non

274 2507 508 2568 possunt
545 2504 781 2553 iudicari
818 2519 926 2553 non
966 2507 1091 2567 post
1125 2505 1519 2555 Institutiones
1546 2506 1838 2569 compositi
1867 2520 2007 2554 esse.
2061 2504 2216 2555 Haec

277 2573 460 2620 omnia
495 2587 626 2621 vero
663 2571 898 2634 faciunt,
937 2576 998 2619 ut
1021 2571 1346 2620 Mommseni
1382 2573 1692 2622 sententiae
1735 2572 1947 2635 (Jahrb.
1987 2572 2036 2621 d.
2075 2588 2214 2637 gem.

279 2638 580 2688 deutschen
614 2638 683 2686 R.
719 2638 821 2688 III.
849 2639 894 2687 1.
925 2654 977 2702 p.
1006 2634 1126 2702 14.),
1162 2636 1429 2702 pleraque
1457 2640 1653 2690 Gaium
1678 2639 1954 2691 Antonino
1979 2642 2079 2691 Pio
2118 2642 2213 2689 im-

277 2709 504 2769 perante
553 2703 904 2769 (138—161.)
951 2706 1243 2769 scripsisse
1291 2707 1600 2770 arbitranti,
1645 2708 1793 2759 haud
1839 2708 2010 2758 facile
2060 2723 2213 2758 acce-

281 2773 419 2834 dam,
457 2773 552 2823 sed
589 2777 848 2838 vegetam
887 2778 1130 2824 aetatem
1167 2774 1223 2822 in
1262 2776 1329 2824 D.
1369 2775 1543 2825 Marci
1589 2781 1835 2841 tempora
1876 2792 1998 2826 eum
2038 2779 2214 2824 trans-

155 2842 250 2899 [84]
279 2840 474 2890 tulisse
510 2839 695 2889 malim
734 2842 966 2905 opinari.
1024 2841 1256 2903 Quando
1294 2858 1423 2893 vero
1461 2844 1678 2906 obierit,
1717 2845 2009 2893 nescimus.
2069 2844 2212 2893 Tan·

419 3024 458 3087 1>
487 3025 640 3074 Etiam
665 3035 878 3089 quartum
906 3042 1074 3076 comm.
1104 3029 1298 3091 propius
1322 3029 1473 3077 initiis
1499 3030 1551 3079 D.
1581 3030 1726 3078 Marci
1755 3032 2066 3093 compositum
2094 3045 2211 3087 esse,

282 3094 392 3141 inde
418 3101 626 3156 apparet,
663 3095 784 3156 quod
809 3093 1128 3148 4J185—187.
1169 3096 1380 3156 abrogati
1420 3098 1477 3145 ab
1515 3113 1569 3145 co
1604 3098 1888 3161 imperatore
1916 3098 2212 3147 vadimonio·

282 3175 386 3208 rum
421 3162 633 3209 solennis
669 3161 850 3222 (Victor
885 3163 941 3210 de
969 3163 1101 3215 Caes,
1131 3161 1225 3226 16.)
1248 3163 1374 3212 nulla
1400 3166 1576 3213 mentio
1613 3165 1827 3214 habetur.
1936 3162 1977 3226 ²)
2016 3165 2210 3221 Quidam

277 3230 400 3276 enim
438 3228 495 3276 ad
530 3228 617 3277 hos
653 3229 801 3277 libros
828 3230 1037 3277 referunt
1070 3231 1290 3294 proprios
1316 3233 1696 3288 commentarios,
1722 3247 1917 3296 quorum
1945 3233 2048 3282 Gai.
2077 3241 2115 3289 3,
2142 3241 2209 3279 54.

276 3296 508 3343 meminit.
561 3296 651 3343 Sed
691 3309 796 3344 cum
832 3297 901 3344 lex
927 3297 1069 3360 Papia
1106 3298 1245 3345 multa
1283 3299 1374 3346 alia
1403 3306 1601 3354 caveret,
1637 3300 1712 3348 vix
1740 3300 1797 3348 de
1823 3300 1898 3347 his
1924 3304 2078 3361 potest
2101 3312 2210 3344 sen-

275 3364 413 3410 sisse.
466 3363 623 3411 Malim
657 3364 801 3423 igitur
836 3364 1107 3423 intellegere
1141 3367 1508 3414 commentarios
1544 3367 1602 3414 de
1632 3366 1866 3415 bonorum
1893 3364 2212 3426 possessioni·

274 3430 379 3487 bus·‚
429 3444 545 3492 quos
580 3435 674 3479 iam
710 3431 980 3479 laudaverat
1014 3441 1053 3488 3,
1089 3440 1154 3479 33.
1205 3446 1493 3495 quorumque
1537 3447 1647 3494 pars
1683 3434 1740 3479 ad
1775 3432 1899 3478 bona
1935 3428 2211 3475 libertorum

274 3497 535 3560 spectabat,
