2546 3928
338 257 434 320 '42
952 276 1075 312 GA11
1116 277 1321 315 xxs'rrr.
1357 263 1402 312 Ι.
1440 262 1675 312 78-80.

354 406 639 473 ueniente,
683 405 784 475 qui
811 417 889 458 ex
921 405 1005 458 eis
1034 404 1322 473 nascitur,
1355 403 1710 474 peregrinus
1742 405 1796 454 et
1823 402 2008 454 iustus
2041 392 2288 469 paltris¹

252 485 498 542 21.filius
541 494 646 557 est,
688 493 968 557 tamquam
1011 487 1054 540 si
1102 502 1165 541 ex
1208 486 1500 558 peregrina
1544 499 1665 538 eum
1706 489 2067 557 procreasset.
2121 474 2130 560 Ι
2180 481 2289 537 1106
2311 485 2450 544 [120]

354 565 601 628 ’tamen²
646 578 896 642 tempore
938 585 969 625 e
1010 568 1509 640 senatusconsulto,
1554 566 1701 642 quod
1747 574 1969 622 auctore
2010 566 2137 622 diuo
2181 565 2288 621 Ha-

354 655 543 711 driano
575 655 777 712 factum
810 662 915 725 est,
959 654 1061 709 etsi
1102 670 1214 708 non
1255 653 1422 708 suerit
1455 652 1745 709 conubium
1788 653 1931 707 inter
1970 652 2141 706 ciuem
2182 648 2289 705 Ro·

353 755 561 795 manam
605 748 660 795 et
699 739 1069 812 peregrinum,
1127 739 1217 810 qui
1261 738 1523 805 nascitur,
1565 738 1742 792 iustus
1785 737 1955 808 patris
1997 733 2141 790 filius
2182 742 2288 790 est.

352 818 446 880 78.
494 822 647 890 Quod
675 830 852 879 autem
877 821 1129 893 diximuS,
1151 823 1294 877 iuter
1317 824 1488 878 ciuem
1512 821 1800 876 Romanam
1824 820 2290 893 peregrinumque

352 911 712 965 matrimonio
745 913 1042 963 contracto
1073 921 1220 978 eum,
1261 909 1364 978 qui
1390 907 1650 976 nascitur,
1682 905 2032 977 peregrinum
2080 902 2290 973 ’na-sci,

354 997 523 1048 etiam
565 992 806 1048 conubio
849 1007 959 1047 non
1003 992 1468 1056 interueniente!
1501 991 1687 1061 ualet,
1745 1006 1879 1044 nam
1918 992 2000 1044 ita
2043 994 2293 1044 cauetur

351 1080 476 1148 leye
516 1075 776 1131 Minicia.
860 1093 975 1147 qua
1019 1077 1242 1148 quidem
1289 1078 1295 1139 Ι
1342 1073 1526 1130 eadem
1568 1065 1730 1147 le9e3
1783 1077 1952 1129 etiam
1994 1087 2024 1127 6
2064 1073 2290 1129 diuerso

352 1166 568 1215 cautum
611 1166 698 1214 est
740 1160 809 1214 de
845 1162 1162 1232 pereyrina
1207 1166 1261 1215 et
1304 1161 1433 1215 ciue
1472 1159 1759 1228 Romano,
1807 1165 1869 1214 ut
1909 1164 2098 1230 partus
2143 1161 2288 1227 eius,

354 1261 481 1300 eum
515 1246 524 1309 Ι
558 1259 663 1316 qua
709 1245 764 1298 ei
805 1241 1093 1298 conubium
1126 1260 1234 1299 non
1266 1245 1360 1316 sit,
1401 1248 1635 1298 matrem
1666 1250 1964 1316 sequatur,
2007 1243 2069 1298 id
2106 1247 2193 1297 est
2228 1248 2289 1297 at

352 1329 690 1401 peregrimus
733 1343 798 1382 ex
839 1343 904 1383 eo
947 1328 1094 1383 coitu
1139 1334 1409 1384 nascatur.
1470 1328 1573 1383 ’set
1615 1327 1719 1382 hoc
1760 1327 1981 1381 maxime
2024 1342 2151 1382 casu
2192 1341 2289 1381 ne·

352 1412 595 1478 ceslsaria
638 1411 723 1466 lex
765 1411 971 1467 Minicia
1015 1408 1196 1488 (fait).
1269 1428 1389 1466 nam
1432 1418 1638 1467 remota
1682 1427 1745 1466 ea
1785 1403 1958 1484 lege‚4
2010 1413 2145 1484 quia
2191 1413 2294 1484 qui

352 1498 680 1560 nas'lcuntur
737 1497 979 1553 conubio
1033 1514 1145 1552 non
1200 1497 1624 1553 interueniente
1664 1502 1904 1551 matrem
1947 1502 2284 1566 sequantur,

352 1585 521 1636 etiam
566 1584 665 1654 qui
702 1588 875 1637 natus
907 1588 915 1646 Ι
951 1589 1036 1636 est
1077 1584 1436 1638 matrimonio
1476 1584 1631 1636 inter
1667 1583 1849 1636 ciuem
1878 1580 2201 1636 Romanam
2233 1586 2289 1635 et

346 1669 718 1738 pereyrinum
744 1672 1066 1734 contracto,
1096 1669 1303 1721 matris
1334 1666 1667 1731 conldioioni
1686 1663 1918 1720 aceedit.
1975 1657 2106 1737 5qua
2133 1671 2287 1737 parte

352 1756 541 1805 autem
584 1746 735 1803 iubet
777 1747 884 1819 lex,
938 1762 969 1802 6
1011 1750 1141 1804 ciue
1181 1750 1446 1805 Romano
1491 1755 1546 1804 ec
1586 1749 2286 1821 perelgrinakperegrinum

351 1835 534 1902 nasci,
579 1832 722 1887 nihil
751 1834 890 1888 noui
913 1833 1240 1888 introduxit
1252 1856 1270 1896 ,·
1314 1835 1323 1900 Ι
1367 1847 1485 1887 nam
1531 1833 1688 1887 etiam
1720 1836 1845 1888 sine
1875 1847 1944 1888 ea
1976 1831 2100 1906 lege
2132 1849 2161 1889 e
2192 1849 2286 1889 re-

348 1918 485 1990 yula
514 1918 661 1973 iuris
680 1919 929 1990 yentium
943 1916 1373 1984 idemlfuturum
1400 1922 1533 1973 erat.
1589 1911 1680 1975 79.
1714 1917 1867 1973 Adeo
1889 1923 2068 1974 autem
2093 1912 2287 1974 hocita

350 2007 452 2070 est,
467 2008 531 2058 ut
542 2000 730 2057 ’etiam
747 2002 1036 2058 eoeLatina
1050 2008 1104 2058 et
1116 2001 1511 2059 ciaeRomano
1526 2005 1628 2075 qui
1637 2006 1920 2069 nascitur,
1934 2006 2136 2059 matris
2149 2019 2284 2059 con·

349 2087 564 2143 dicioni
584 2087 832 2142 accedat
844 2111 863 2150 ,·
882 2103 1015 2142 nam
1030 2089 1133 2143 lex
1142 2087 1384 2143 Minicia
1408 2087 1654 2143 adhunc
1669 2102 1866 2143 casum
1881 2105 1992 2144 non
1999 2092 2258 2158 pertinet
2271 2113 2286 2141 .-

350 2187 499 2242 quae
524 2172 748 2243 quidem
774 2187 887 2226 non
910 2175 1259 2244 pereyrinos
1284 2176 1503 2227 tantum
1518 2163 2105 2242 comprehendit,⁶sed
2123 2173 2284 2227 etiam

351 2255 443 2326 qui
464 2253 653 2321 Laltini
685 2255 1059 2317 nominantur;
1105 2255 1198 2310 sed
1230 2255 1294 2309 ad
1328 2254 1459 2310 alios
1483 2254 1701 2310 Latinos
1731 2257 1990 2329 pertinet,
2032 2258 2123 2329 qui
2157 2272 2283 2329 pro-

347 2338 499 2409 prios
521 2336 756 2410 populos
782 2338 1138 2411 propriasque
1163 2340 1413 2394 civitates
1435 2338 1702 2396 habebant
1727 2347 1782 2395 et
1798 2349 1950 2395 erant
1966 2342 2285 2414 peregrino-

349 2437 467 2476 rum
484 2437 729 2477 numero,
787 2416 891 2477 80.
925 2422 1136 2479 Eadem
1163 2424 1394 2479 ratione
1421 2440 1485 2479 ex
1513 2425 1784 2479 contrario
1811 2440 1878 2479 ex
1891 2423 2080 2480 Latino
2095 2426 2285 2480 etciue

245 2516 325 2565 22.
347 2505 598 2563 Romana
621 2510 724 2580 qui
743 2511 1028 2575 nascitur,
1053 2509 1191 2564 ciuis
1214 2505 1486 2563 Romanus
1507 2509 1762 2564 nascitur.
1798 2507 2019 2564 fuerunt
2049 2502 2054 2585 Ι
2084 2517 2283 2582 tamen,

347 2591 438 2663 qui
469 2598 823 2663 putauerunt,
856 2608 921 2647 ex
951 2592 1074 2666 lege
1106 2592 1253 2648 Aelia
1285 2591 1470 2649 Sentia
1501 2600 1782 2649 contracto
1812 2593 2155 2649 matrimonio
2186 2592 2282 2649 La·
2306 2590 2428 2661 [121]

344 2675 517 2728 tinum
549 2676 715 2746 nasci,
758 2677 885 2748 quia
916 2677 1135 2732 uidetur
1176 2694 1241 2733 eo
1287 2694 1414 2733 casu
1456 2692 1557 2750 per
1600 2677 1777 2750 legem
1809 2677 2013 2732 Aeliam
2044 2677 2283 2733 Sentiam

483 2870 525 2936 ¹)
565 2871 757 2923 Sensus
781 2874 1082 2937 explicandi
1102 2890 1260 2924 caasa
1279 2876 1494 2925 restitui.
1533 2873 1776 2925 Similiter
1802 2876 1981 2926 663611.
2002 2882 2052 2925 et
2071 2876 2282 2925 Lae-hm.

346 2952 391 3019 ²)
429 2956 521 3005 Ex
544 2955 724 3005 Go‘seh.
751 2959 822 3020 ej.
848 2959 919 3022 πῆ
940 2956 1066 3021 (pro
1091 2949 1176 3015 iffi)
1203 2957 1389 3008 Sched.
1450 2956 1491 3021 ⁸)
1529 2961 1621 3010 Ad
1640 2975 1836 3010 sensam
1859 2962 2077 3023 restitui,
2101 2958 2284 3024 paullo

345 3025 500 3073 aliter
534 3030 685 3088 atque
721 3024 902 3075 Goseh.
942 3031 991 3074 et
1024 3027 1142 3080 edd.
1176 3039 1215 3076 1.
1248 3037 1310 3087 2.,
1344 3042 1443 3090 pro
1467 3026 1673 3077 Men-sia
1704 3031 1815 3091 [eye
1849 3043 1980 3077 nane
2009 3029 2284 3078 secundum

354 3090 403 3138 V
412 3089 450 3121 ⁵²
474 3090 691 3139 Minicia
722 3091 1009 3155 substituta,
1043 3094 1107 3143 de
1140 3111 1241 3159 qua
1272 3096 1373 3144 vid.
1409 3101 1511 3144 not.
1536 3110 1646 3160 seq.
1694 3093 1833 3154 Quae
1856 3111 1977 3146 vero
2001 3102 2287 3161 sequuntur

344 3158 440 3207 hac
465 3155 538 3221 So
562 3173 720 3223 usqae
743 3160 816 3209 ad
836 3159 989 3210 verba
1021 3158 1323 3226 conldicioni
1344 3162 1543 3211 accedit
1568 3165 1721 3212 aliter
1744 3171 1897 3228 atque
1922 3164 2039 3213 edd.
2065 3174 2103 3216 1.
2127 3173 2169 3213 2.
2192 3179 2283 3213 re-

339 3226 580 3289 ftnyenda
615 3233 780 3284 erant,
815 3234 998 3289 postea
1031 3245 1177 3294 quam
1210 3245 1341 3294 quae
1364 3244 1475 3294 seq.
1506 3238 1627 3280 nota
1652 3246 1723 3279 ex
1757 3230 1807 3279 V
1816 3231 1853 3263 ⁸²
1876 3233 2023 3281 attuli
2045 3232 2282 3281 innotue-

343 3300 475 3341 runt.
547 3290 590 3355 ⁴)
630 3292 718 3343 Sic
750 3293 800 3342 V
809 3295 874 3351 ³²‚·
906 3302 1094 3346 tantam
1120 3298 1281 3359 ‘fuit'
1315 3299 1613 3359 interposui.
1686 3296 1727 3360 ⁵)
1764 3296 2043 3364 Sequente-s·
2065 3299 2283 3349 lacunas

342 3374 412 3409 ex
435 3376 544 3410 mea
567 3361 885 3412 restitutione
909 3365 1116 3427 replevi.
1187 3362 1236 3429 ⁶)
1276 3364 1585 3415 Sententiam
1622 3368 1842 3416 restitui.
1881 3364 2009 3416 Sunt
2026 3365 2143 3429 fere
2168 3372 2285 3416 tres

340 3442 531 3478 versus.
572 3429 683 3478 Alii
701 3431 854 3492 paulo
879 3434 1047 3481 aliter.

474 3593 525 3663 ξ.
554 3599 634 3649 78.
675 3598 758 3662 Cf.
788 3600 904 3665 Utp.
929 3611 972 3663 5,
997 3609 1036 3649 8.
1108 3597 1158 3665 ξ.
1188 3602 1268 3651 79.
1307 3601 1388 3665 Cf.
1416 3600 1510 3667 38.
1536 3614 1586 3653 29
1625 3614 1694 3653 22.
1739 3604 1852 3668 Utp.
1877 3614 1917 3666 3,
1941 3615 1982 3657 3.
