2546 3928
388 167 507 224 158
941 182 1062 217 GAu
1101 182 1308 222 1Ns'r1T.
1344 167 1448 216 ΙΙΙ.
1488 169 1766 220 133-140,

384 324 557 380 genus
604 305 951 379 obligationis
1008 307 1142 360 iuris
1201 308 1449 380 gentium
1492 313 1593 361 est.
1678 301 1809 362 133.
1870 305 2330 376 'Pranscripticiis

387 407 516 445 uero
575 391 879 445 nominibus
926 407 993 445 an
1040 389 1352 462 obligentur
1408 390 1706 462 peregrini,
1768 390 1958 444 merito
2014 389 2328 461 quaeritur,

385 475 507 547 quia
542 474 938 548 quodammodo
971 475 1101 529 iuris
1133 474 1301 529 civilis
1334 481 1418 529 est
1449 473 1572 528 talis
1604 472 1898 547 obligatio:
1932 472 2080 546 quod
2105 472 2330 529 Neruae

383 559 605 631 placuit.
666 557 860 614 Sabino
908 565 1089 612 autem>
1117 566 1170 612 et
1201 557 1384 621 Cassio
1432 559 1608 613 uisum
1640 566 1744 627 est,
1791 560 1835 612 si
1867 573 1897 611 a
1926 574 1985 612 re
2026 557 2082 611 in
2126 573 2327 630 perso·

386 659 508 698 nam
560 641 655 697 fiat
698 659 893 697 nomen
941 643 1420 714 transcripticium,
1481 642 1641 697 etiam
1685 643 2007 714 peregrinos
2055 640 2323 714 obligari3

386 729 430 781 si
461 743 593 782 uero
627 745 656 782 a
686 743 917 800 persona
947 729 1001 781 in
1034 743 1337 799 personam,
1375 742 1484 780 non
1517 725 1763 798 obligari.
1848 721 1978 782 134.
2028 724 2328 780 Praeterea

385 811 686 866 litterarum
729 811 988 884 obligatio
1033 809 1149 865 fieri
1195 810 1407 866 uidetur
1458 807 1778 883 chirografis
1824 819 1877 864 et
1918 808 2219 882 syngmsts,
2266 809 2327 863 id

388 903 502 965 est,
543 897 589 950 si
634 897 754 968 quis
795 894 991 950 debere
1034 911 1093 949 se
1136 903 1228 949 ant
1283 895 1532 949 daturum
1572 911 1630 949 se
1674 894 1908 962 scribat3
1951 895 2025 948 ita
2068 893 2319 961 'scilicet,

386 974 463 1033 si¹
512 996 576 1035 eo
622 981 838 1033 nomine
884 979 1165 1050 stipulatio
1210 995 1320 1033 non
1364 977 1483 1034 fiat:
1536 978 1681 1051 quod
1736 994 1911 1051 genus
1966 975 2325 1051 obligationis

383 1066 663 1136 proprium
695 1065 1106 1135 peregrinorum
1139 1071 1239 1117 est.

512 1143 638 1202 135.
686 1145 967 1201 Consensu
1000 1144 1136 1201 fiunt
1165 1146 1542 1220 'obligationes
1587 1148 1641 1200 in
1673 1145 2036 1219 emptionibus
2085 1153 2140 1200 et
2187 1162 2323 1200 uen-

386 1230 699 1301 ditionibuS,
732 1230 1090 1286 locationibus
1122 1229 1598 1298 conductionibuS,
1629 1229 1998 1292 societatibuS‚
2033 1229 2320 1285 mandatis.

381 1310 512 1372 136.
571 1314 704 1383 ldeo,
739 1321 917 1370 autem
970 1316 1089 1370 istis
1127 1315 1305 1371 modis
1357 1330 1628 1370 consensu
1680 1314 1903 1369 dicimus
1950 1313 2319 1386 obligationes
2342 1324 2463 1380 [241]

255 1413 365 1461 164.
386 1401 650 1470 contrahi,
701 1404 842 1473 quia.
873 1416 1052 1472 neque
1096 1399 1387 1455 uerborum
1425 1394 1435 1476 1
1474 1414 1650 1471 neque
1693 1400 1993 1471 scripturae
2041 1397 2147 1452 ulla
2189 1414 2320 1471 pro-

386 1486 587 1557 prietas
632 1483 997 1556 desideratur,
1043 1483 1136 1540 sed
1178 1481 1415 1555 sufficit,
1467 1499 1594 1551 θος,
1645 1484 1738 1556 qui
1767 1483 2048 1554 negotium
2094 1491 2317 1555 gerunt,

390 1571 761 1624 consensisse:
805 1567 948 1623 unde
978 1571 1121 1624 inter
1149 1567 1400 1624 absentes
1434 1583 1652 1641 quoque
1698 1567 1819 1621 talia
1850 1567 2072 1640 negotia
2103 1574 2322 1622 contra-

391 1655 626 1723 huntur,
672 1641 839 1708 uelu'ti
871 1669 968 1725 per
999 1652 1286 1725 epistulam
1315 1661 1405 1708 aut
1449 1667 1544 1725 per
1573 1652 1994 1719 internuntium,
2031 1667 2152 1705 cum
2189 1651 2321 1705 alio·

390 1740 520 1809 quin
589 1736 879 1792 uerborum
948 1737 1208 1808 obligatio
1267 1738 1411 1791 inter
1466 1735 1716 1790 absentes
1778 1733 1892 1790 fieri
1954 1751 2063 1789 non
2125 1736 2319 1807 possit.

392 1815 577 1894 [138]
627 1812 759 1873 2sed
802 1818 1008 1874 absenti
1049 1835 1342 1891 expensum
1386 1820 1513 1874 ferri
1554 1827 1767 1892 potest,
1811 1820 1914 1874 etsi
1957 1817 2138 1874 uerbis
2182 1818 2320 1874 obli·

390 1904 533 1977 gatio
585 1919 709 1957 cum
760 1901 980 1957 absente
1031 1905 1276 1959 contrahi
1328 1919 1436 1958 non
1490 1905 1684 1977 possit.
1773 1899 1895 1960 13⁷.
1947 1903 2081 1958 Item
2132 1904 2187 1957 in
2234 1903 2317 1957 his

388 1988 756 2044 contractibus
804 1987 943 2042 alter
984 1988 1139 2044 alteri
1181 1988 1454 2063 obligatur
1484 1987 1550 2043 de
1582 2006 1677 2061 eo,
1721 1988 1868 2061 quod
1897 1988 2128 2043 alterum
2159 1987 2321 2044 alteri

388 2091 452 2129 ex
492 2073 635 2129 bono
670 2082 726 2129 et
766 2089 939 2145 aequo
984 2082 1258 2147 praestare
1292 2081 1541 2146 oportet,
1587 2090 1706 2129 eum
1740 2073 1982 2145 alioquin
2021 2073 2076 2126 in
2119 2071 2321 2127 uerbo·

387 2175 504 2212 rum
551 2157 970 2232 obligationibus
1002 2157 1135 2212 alius
1167 2159 1492 2230 stipuletur,
1524 2157 1660 2212 alius
1692 2159 2002 2229 promittat,
2045 2163 2102 2211 et
2133 2157 2187 2211 in
2220 2173 2321 2211 no·

389 2239 617 2295 minibus
650 2242 783 2295 alius
816 2257 1108 2313 expensum
1143 2242 1366 2297 ferendo
1399 2241 1630 2314 obliget,
1661 2242 1795 2296 alius
1827 2240 2120 2313 obligetur.

511 2320 645 2379 139.
697 2325 923 2394 Emptio
955 2331 1009 2380 et
1039 2328 1286 2381 uenditio
1311 2327 1698 2396 contrahitur,
1730 2342 1851 2380 cum
1883 2326 1948 2380 de
1976 2326 2153 2397 pretio
2188 2337 2320 2380 con-

387 2408 632 2479 uenerit,
674 2410 920 2481 quamuis
951 2409 1189 2465 nondum
1220 2412 1453 2483 pretium
1493 2417 1832 2465 numeratum
1863 2411 1966 2480 sit,
2009 2425 2069 2463 ac
2100 2426 2168 2464 ne
2198 2426 2320 2463 arra

389 2492 604 2566 quidem
636 2492 756 2548 data
785 2492 979 2549 suerit:
1023 2510 1142 2548 nam
1174 2495 1322 2567 quod
1359 2511 1507 2549 arrae
1547 2495 1762 2548 nomine
1794 2493 1987 2563 datur,
2030 2509 2318 2566 argumen-

386 2586 501 2631 tum
546 2587 629 2634 est
671 2580 958 2651 emptionis
1002 2588 1058 2634 et
1100 2578 1430 2634 uenditionis
1473 2586 1801 2633 contractae.
1893 2572 2027 2633 140.
2074 2577 2318 2633 Pretium

526 2755 565 2820 ¹)
592 2759 745 2810 scilic.
775 2765 824 2806 ut
848 2760 887 2806 si
913 2757 968 2813 G,
1006 2760 1193 2808 scilicet
1226 2768 1271 2808 et
1295 2760 1374 2808 ed.
1403 2756 1524 2823 By(
1553 2760 1753 2815 scilicet,
1779 2766 1828 2807 ut
1857 2754 1942 2825 [si]
1979 2760 2059 2812 ed.
2083 2757 2182 2822 By.
2208 2769 2248 2809 5.

389 2822 431 2889 ²)
458 2826 658 2889 Aperte
690 2826 906 2889 fuyz'tiva
938 2832 1053 2875 sunt
1084 2827 1240 2875 verba
1272 2828 1418 2876 huius
1454 2824 1508 2889 3.
1530 2828 1771 2889 ponenda
1805 2834 1922 2875 ante
1958 2822 2126 2891 3137.
2161 2827 2321 2891 (quod

387 2896 484 2942 iam
505 2894 633 2956 fecit
658 2892 756 2959 By.
782 2895 862 2942 ed.
888 2891 955 2957 5.)
991 2894 1075 2943 ubi
1106 2910 1212 2943 cum
1246 2896 1560 2943 eoeeidissent
1593 2903 1644 2943 et
1670 2895 1740 2943 ad
1771 2895 2044 2958 maryinem
2078 2897 2318 2958 suppleta

388 2969 573 3024 essent,
607 2961 847 3010 librarius
871 2977 934 3010 ea
965 2969 1086 3026 post
1120 2960 1173 3025 3.
1199 2972 1291 3011 137.
1327 2977 1388 3010 ea
1414 2964 1477 3011 de
1502 2977 1659 3010 eausa
1678 2964 1912 3024 posuisse
1938 2964 2155 3024 videtur,
2183 2964 2319 3027 quod

387 3029 603 3087 spatium
626 3027 698 3076 ibi
717 3044 921 3077 vacuum
947 3025 1005 3077 in*
1024 3029 1164 3089 God„
1202 3031 1334 3078 unde
1361 3028 1698 3085 describebat,
1725 3030 1928 3078 invenit.
1978 3029 2107 3078 Nam
2131 3037 2181 3079 et
2205 3032 2315 3092 ipse

387 3096 567 3142 lineam
591 3110 736 3144 unam
761 3102 811 3143 et
834 3097 1089 3145 dimidiam
1113 3113 1299 3146 vacuas
1321 3103 1440 3160 post
1463 3097 1510 3146 Ιι.
1537 3095 1592 3160 3,
1619 3097 1841 3161 reliquit.

523 3259 575 3327 ξ.
616 3262 726 3312 133.
776 3263 854 3322 Cf.
890 3264 1001 3316 Liv.
1037 3273 1111 3321 35,
1146 3275 1186 3314 7.
1325 3260 1376 3331 ξ.
1418 3265 1532 3314 134.
1574 3265 1649 3326 Cf.
1689 3264 1858 3318 Schol.
1893 3267 1946 3315 in
1989 3266 2144 3315 Verr.
2183 3274 2238 3327 2,
2275 3278 2316 3316 1.

391 3325 483 3393 33.
515 3340 582 3378 60.
616 3340 683 3381 91.
716 3347 770 3393 p.
795 3341 999 3380 175.182..
1037 3333 1121 3381 ed.
1148 3330 1288 3382 Bait.
1326 3333 1572 3382 Ammian.
1607 3343 1673 3393 18,
1707 3344 1748 3383 5.
1788 3329 1840 3398 3.
1879 3344 1919 3382 2.
1963 3333 2021 3383 G.
2048 3333 2115 3381 Ε.
2144 3335 2318 3383 Heim-

388 3397 516 3446 back
541 3398 736 3447 ‘Lehre
761 3416 805 3451 v.
836 3397 1106 3448 Credienm'
1132 3416 1185 3463 p.
1212 3408 1288 3449 509
1313 3414 1420 3464 seq.
1559 3396 1646 3467 §§.
1676 3401 1955 3451 135—137.
1989 3419 2056 3441 -—--
2081 3400 2146 3450 L.
2181 3410 2222 3449 Β.
2250 3402 2316 3453 D.

389 3465 452 3512 de
477 3464 571 3513 obl.
600 3471 649 3514 et
675 3473 773 3515 act.
802 3463 891 3528 (44,
916 3465 979 3530 7).
1024 3466 1120 3516 Tit.
1147 3466 1196 3520 I.
1222 3469 1287 3517 de
1310 3482 1448 3519 cons,
1474 3468 1570 3518 obl.
1601 3473 1664 3530 (3,
1689 3467 1778 3531 22).
1915 3464 2109 3535 §5132
2135 3489 2203 3509 =
2227 3485 2313 3533 pr.

391 3528 439 3575 J.
464 3531 527 3578 de
552 3539 699 3593 empt.
729 3535 787 3593 (3,
816 3534 907 3593 23).
946 3534 1025 3595 Cf.
1061 3535 1197 3597 Epit.
1223 3544 1264 3596 2,
1295 3545 1336 3583 9.
1366 3534 1418 3596 3.
1447 3545 1508 3583 14.
1627 3532 1677 3600 ξ.
1707 3538 1817 3585 140.
1850 3535 1928 3596 Cf.
1960 3534 2012 3598 3.
2038 3547 2078 3583 ι.
2107 3536 2152 3584 Ι.
2180 3537 2245 3589 ib.
