2546 3928
768 213 890 248 GAII
924 214 1116 250 msnr.
1155 201 1250 258 IV.
1296 205 1597 252 113—114.
2030 204 2151 259 217

228 340 458 406 riarum,
503 339 679 393 damni
709 339 963 394 iniuriae:
1010 341 1115 396 sed
1142 340 1374 396 ’heredi
1397 335 1697 413 defuncti¹
1732 343 1928 397 actoris
1963 343 2153 398 huius-

227 422 373 485 modi
405 425 642 479 actiones
674 430 1000 495 competunt
1044 440 1143 479 nec
1173 424 1542 498 denegantur,
1589 434 1810 499 excepta
1840 427 2154 482 iniuriarum

225 509 436 564 actione
466 516 520 562 et
550 509 594 562 si
629 523 734 579 qua
764 507 867 562 alia
895 508 1084 563 similis
1114 510 1424 565 inueniatur
1453 510 1612 565 actio.
1681 506 1808 567 113.
1854 509 2154 583 Aliquando

231 603 407 647 tamen
442 585 648 665 (etiam)
682 608 747 647 ex
791 600 1070 648 contractu
1114 594 1253 648 actio
1285 609 1462 665 neque
1495 593 1678 649 heredi
1710 583 1886 668 neque
1916 596 1971 649 in
2004 595 2157 649 here-

228 677 354 732 dem
397 678 665 749 conpetit:
714 692 834 730 nam
878 675 1282 749 adstipulatoris
1324 678 1482 733 heres
1526 695 1635 733 non
1680 678 1839 734 habet
1870 678 2154 747 actionem,

227 753 507 818 ’contrat2
534 761 817 835 sponsoris
849 767 904 816 et
934 758 1388 835 fidepromissoris
1421 763 1578 817 heres
1610 779 1718 817 non
1754 770 1986 818 tenetur.

360 841 480 903 114.
516 844 806 918 Superest,
828 836 852 876 3
883 853 942 900 ut
974 844 1324 920 dispiciamus
1344 889 1360 918 ,
1395 848 1439 900 si
1472 854 1598 901 ante
1627 863 1741 901 rem
1773 847 2060 902 iudicatam
2090 847 2156 916 is,

221 946 350 990 cum
399 946 506 1002 quo
554 930 765 1003 agitur,
816 939 942 1003 post
985 938 1264 1003 acceptum
1321 930 1577 987 iudicium
1625 931 1916 986 satisfaciat
1967 931 2158 1001 actori,

231 1013 361 1085 quid
394 1012 575 1069 officio
609 1013 800 1069 iudicis
834 1016 1139 1085 conueniat,
1177 1023 1360 1070 utrum
1392 1014 1698 1087 absoluere,
1730 1032 1797 1071 au
1827 1015 1949 1071 ideo
1975 1015 2158 1089 potius

230 1098 514 1168 damnare,
546 1099 667 1171 quia
700 1098 882 1154 iudicii
912 1099 1206 1172 accipiendi
1239 1108 1488 1175 tempore
1520 1102 1573 1155 iu
1605 1116 1664 1155 ea
1696 1117 1857 1156 causa
1888 1100 1900 1125 ’
1930 1093 2158 1168 suerit,⁴

231 1190 291 1237 ut
335 1182 572 1237 damnari
615 1181 834 1238 debeat:
887 1184 1060 1238 nostri
1085 1194 1465 1256 praeceptores
1496 1184 1779 1240 absoluere
1810 1201 1933 1240 eum
1964 1182 2158 1239 debere

230 1268 563 1334 existimant3
597 1283 697 1322 nec
726 1268 1018 1337 interesse,
1051 1268 1203 1321 cuius
1235 1269 1453 1340 generis
1485 1269 1559 1323 sit
1587 1267 1875 1323 iudicium:
1908 1275 1963 1322 et
2002 1266 2012 1338 Ι
2052 1268 2295 1322 1100227.

230 1360 337 1423 est,
380 1350 525 1423 quod
561 1350 730 1422 uolgo
762 1351 980 1419 dicitur,
1024 1349 1221 1404 Sabino
1255 1358 1310 1404 et
1340 1349 1523 1404 Cassio
1555 1350 1787 1423 placere,
1819 1352 1996 1405 omnia
2026 1349 2163 1404 iudi·

230 1437 311 1490 cia
343 1451 463 1489 esse
494 1432 846 1489 absolutoria.
939 1434 1239 1489 'diuersae
1270 1441 1461 1490 autem
1492 1434 1729 1490 scholae
1775 1439 2062 1500 aucltores
2092 1435 2162 1490 de

231 1521 416 1575 bonae
473 1516 595 1572 fidei
652 1519 874 1588 quidem
928 1510 1196 1572 iudiciis-5
1249 1517 1388 1573 idem
1435 1519 1710 1589 sentiunt,
1765 1522 1900 1596 quia
1947 1520 2000 1573 in
2046 1518 2163 1573 ’his

231 1595 517 1666 scillicet⁶
558 1599 767 1655 iudiciis
810 1599 1036 1656 liberum
1080 1609 1164 1656 est
1205 1599 1441 1657 officium
1484 1601 1692 1658 iudicis.
1784 1602 2114 1658 tantumdem
2152 1605 2160 1667 Ι

234 1687 247 1702 ’
271 1689 442 1740 etiam
473 1686 543 1740 de
573 1677 668 1739 in⁷
701 1701 813 1739 rem
844 1684 1146 1741 actionibus
1177 1694 1392 1758 putant,
1425 1687 1438 1707 '
1467 1688 1590 1759 quia
1621 1688 1693 1741 ibi
1724 1702 1943 1759 quoque
1969 1685 2162 1758 officio

234 1771 447 1835 iudilcis
471 1767 522 1823 id
548 1769 741 1842 'ipsum
764 1773 1105 1841 continetur,
1130 1785 1302 1840 reum,
1327 1774 1379 1826 si
1398 1772 1680 1827 arbitratu
1706 1775 1830 1827 eius
1844 1762 2162 1840 restituat,⁸

97 1857 247 1916 [sont
282 1852 499 1909 absolui
539 1847 809 1910 debere.⁹
899 1856 1259 1925 eiusdemque
1315 1863 1756 1912 naturae·sunt
1812 1863 1867 1912 et
1924 1859 1981 1911 in
2022 1871 2160 1925 per-

233 1955 434 1996 sonam
480 1942 767 2011 actiones,
813 1942 822 2005 Ι
869 1938 1063 2013 quibus
1117 1943 1357 2013 quisque
1410 1945 1490 1997 ita
1550 1942 1924 2010 convenitur,
1984 1946 2045 1995 ut
2103 1943 2161 1994 in

228 2121 450 2182 Rudorf.
480 2121 550 2182 ej.
656 2118 696 2180 ¹)
738 2120 1053 2183 Incoynitam
1085 2120 1185 2169 sibi
1212 2123 1413 2184 siglam,
1451 2137 1549 2185 qua
1586 2122 1636 2169 in
1673 2120 1763 2170 Fr.
1797 2120 1914 2169 Vat.
1941 2135 2045 2169 voc.
2083 2120 2163 2169 de·
2211 2120 2215 2124 ’

233 2190 382 2238 suncti
422 2189 719 2251 saepissime
753 2194 985 2245 notatur,
1024 2187 1265 2237 librarius
1295 2195 1416 2251 post
1445 2189 1540 2238 h'di
1578 2185 1671 2253 (=
1700 2188 1885 2248 heredi)
1920 2187 1995 2237 bis
2034 2188 2163 2236 scri-

228 2258 400 2320 psisse
430 2257 644 2305 videtur.
700 2255 941 2305 ‘heredi’
977 2258 1057 2308 ed.
1094 2255 1193 2319 By.
1241 2254 1351 2304 Sed
1380 2257 1459 2305 ed.
1495 2265 1535 2305 5.
1570 2262 1625 2305 ut
1658 2271 1764 2309 nos.
1878 2253 1920 2319 ²)
1958 2254 2086 2305 Eius
2119 2271 2163 2304 υ.

230 2326 409 2387 siglam
437 2324 488 2376 0.
514 2322 702 2372 babere
726 2325 939 2373 videtur.
982 2326 1078 2372 ‘et‘
1105 2324 1221 2372 edd.
1331 2321 1372 2386 ³)
1409 2325 1629 2384 scilicet,
1654 2330 1708 2372 ut
1733 2325 1889 2375 Iocum
1915 2325 1978 2373 de
2005 2325 2163 2374 actio-

233 2392 379 2440 nibus
411 2391 735 2445 absolvamus.
839 2389 883 2454 ⁴)
923 2394 1008 2441 suit
1043 2390 1224 2440 Scbed.
1262 2392 1380 2439 edd.
1489 2388 1529 2455 ⁵)
1571 2391 1658 2440 Ad
1686 2393 1984 2442 sententiam
2016 2393 2163 2440 resti-

233 2477 320 2524 tui.
361 2476 498 2523 Puta
522 2477 572 2523 in
598 2474 655 2524 C.
678 2476 870 2535 fuisse:
905 2477 962 2525 de
996 2476 1050 2524 bt
1081 2476 1192 2538 quid
1226 2476 1389 2526 indiis,
1495 2474 1538 2537 ὃ)
1576 2475 1779 2525 Fuerit:
1806 2477 1882 2524 his
1907 2476 2026 2527 solil.
2066 2474 2166 2521 ‘his

232 2544 463 2607 quidem’
511 2541 721 2591 Goesclt.
755 2544 825 2605 ej.
953 2542 994 2602 ⁷)
1035 2543 1126 2591 Ea:
1162 2541 1376 2593 Goesck.
1409 2544 1479 2606 cJ‘.
1513 2545 1727 2595 restitui.
1854 2541 1894 2601 ὅ)
1935 2541 2164 2590 Restitui.

231 2611 475 2660 Notatum
496 2617 624 2673 puta
648 2612 740 2659 offo
767 2635 831 2644 —
858 2611 969 2673 ipsu
995 2611 1152 2657 rtinet‘
1180 2611 1266 2658 reu
1294 2638 1361 2648 —
1387 2614 1446 2661 e’.
1552 2609 1594 2674 ⁹)
1621 2609 1866 2667 Restituh·
1892 2610 1951 2659 ad
1975 2612 2045 2659 sol
2075 2646 2087 2658 .
2109 2645 2122 2659 .
2145 2646 2156 2657 .

233 2678 290 2726 C.
319 2679 437 2727 edd.
464 2702 527 2711 —
567 2676 705 2736 Quae
737 2678 977 2740 deinceps
1002 2694 1044 2728 υ.
1070 2688 1228 2731 7—22.
1264 2679 1548 2740 perierunt,
1586 2679 1824 2729 adhibitis
1846 2679 2056 2742 sinyulis
2079 2692 2163 2727 vo·

232 2745 375 2795 cibus
400 2744 458 2794 C.
496 2750 546 2793 et
571 2747 851 2794 litterarum
884 2747 1107 2808 vestigiis
1139 2746 1304 2794 adhuc
1329 2747 1640 2809 conspicuis,
1668 2748 1739 2796 ad
1760 2747 2059 2796 sententiam
2083 2760 2166 2793 re-

229 2813 356 2873 feci.
403 2812 540 2861 Edd.
564 2815 794 2876 singulas
827 2819 1015 2861 tantum
1050 2815 1293 2876 quasdam
1326 2828 1473 2863 voces
1507 2813 1763 2863 exhibent.
1815 2814 1893 2862 De
1925 2826 1983 2860 re
2019 2813 2087 2872 cf.
2121 2822 2165 2872 4,

230 2890 302 2933 47.
328 2890 416 2928 141.
449 2889 537 2929 163.
576 2878 674 2943 33.
700 2890 766 2929 27.
794 2890 859 2933 31.
896 2880 947 2928 J.
976 2882 1039 2929 de
1072 2886 1172 2933 aet.
1208 2878 1269 2943 (4,
1294 2876 1358 2945 a).
1399 2880 1554 2930 Gaius
1586 2881 1648 2929 L.
1678 2892 1741 2932 10.
1779 2878 1830 2943 8.
1858 2891 1896 2927 1.
1934 2879 1997 2927 D.
2034 2879 2172 2941 quod

231 2955 346 2997 met.
372 2962 415 2998 c.
443 2946 504 3010 (4,
529 2946 594 3009 2),
621 2955 674 2996 et
699 2949 835 3012 quod
857 2950 930 2997 ad
950 2950 1195 2997 actionem
1221 2950 1287 2997 de
1312 2964 1386 3005 eo,
1425 2950 1561 3013 quod
1583 2955 1725 2998 certo
1760 2950 1869 2996 loco
1906 2946 2025 2994 dari
2045 2960 2170 3008 pro-

231 3017 430 3064 missum
464 3021 557 3073 est,
588 3013 644 3078 8.
678 3025 744 3065 33.
779 3018 907 3065 med.
942 3016 992 3064 I.
1029 3018 1093 3065 de
1128 3022 1227 3064 oct.
1257 3014 1319 3078 (4,
1351 3016 1417 3078 6).
1462 3018 1518 3065 L.
1555 3029 1594 3065 1.
1629 3014 1789 3078 (Gaii)
1824 3012 1887 3063 L.
1924 3024 1948 3063 2
1978 3029 2063 3077 pr.
2102 3013 2166 3063 L.

233 3094 275 3132 3.
314 3083 377 3131 L.
416 3094 458 3131 4.
493 3080 546 3145 S.
580 3094 616 3131 1.
658 3084 721 3133 D.
758 3085 821 3133 de
856 3098 917 3132 eo
952 3100 999 3148 q.
1034 3099 1077 3133 c.
1113 3087 1221 3132 loco
1256 3087 1346 3145 (13,
1372 3081 1441 3147 4).
1481 3083 1813 3132 Arbitrariae
1839 3083 2058 3132 actionis
2082 3097 2171 3131 no·

233 3165 345 3199 men
370 3152 596 3199 consulto
621 3149 776 3199 Gaius
800 3151 847 3201 lz.
875 3153 907 3199 l.
934 3153 1133 3200 videtur
1156 3151 1411 3199 vitavisse.
1453 3150 1530 3212 Cf.
1555 3148 1605 3213 S.
1633 3161 1724 3201 168.

372 3298 421 3367 ξ.
462 3303 573 3351 113.
615 3301 692 3362 Cf.
728 3300 781 3364 S.
823 3314 864 3353 1.
903 3301 950 3349 Ι.
977 3304 1059 3350 cit.
1084 3315 1244 3363 supra
1268 3310 1308 3358 3,
1340 3310 1428 3351 114.
1456 3313 1545 3352 120.
1684 3300 1734 3367 ξ.
1777 3302 1889 3348 114.
1930 3300 2007 3361 Cf.
2043 3294 2096 3362 S.
2123 3307 2166 3345 2.

233 3369 284 3418 I.
312 3370 377 3421 ib.
413 3384 575 3432 supra
598 3379 639 3427 3,
665 3379 753 3419 180.
794 3366 845 3435 S.
871 3379 937 3418 31.
975 3369 1023 3416 I.
1051 3370 1114 3417 de
1148 3375 1249 3417 act.
1282 3368 1345 3430 (4,
1370 3366 1435 3430 6).
1472 3371 1541 3422 L.
1576 3378 1626 3417 ‘13
1644 3371 1736 3430 fin.
1774 3367 1839 3417 D.
1865 3367 1927 3415 de
1959 3380 2169 3428 procur.

235 3437 308 3501 (3,
345 3434 409 3500 s).
448 3437 515 3488 L.
548 3446 614 3489 aa.
652 3431 704 3501 S.
743 3447 784 3485 1.
824 3438 888 3486 D.
927 3436 992 3484 de
1022 3438 1172 3485 solut.
1208 3435 1308 3496 (46,
1345 3435 1409 3496 a).
1447 3436 1510 3483 L.
1543 3446 1584 3482 4.
1637 3435 1702 3482 D.
1736 3434 1886 3501 indie.
1921 3434 2047 3481 solvi
2079 3428 2166 3495 (46,

234 3503 297 3567 7).
335 3529 402 3539 —-
439 3505 502 3556 L.
530 3513 581 3553 38
635 3502 690 3566 S.
716 3513 756 3552 7.
795 3505 856 3553 D.
885 3505 947 3552 de
973 3517 1109 3550 usur.
1135 3500 1228 3563 (22,
1253 3504 1319 3561 1).
1359 3501 1420 3549 L.
1440 3510 1499 3550 -60
1528 3517 1610 3563 pr.
1652 3501 1715 3548 D.
1742 3501 1804 3547 dc
1829 3501 1976 3549 cond.
2001 3498 2168 3547 indeb.

233 3570 334 3638 (12,
370 3569 436 3637 6).
