2546 3928
378 191 408 243 1
421 191 454 244 2
1250 204 1425 237 αΑινε.

375 323 668 372 notissima
715 323 1075 402 singularium
1114 324 1377 372 librorum
1416 321 1721 386 appellatio
1760 322 1829 370 ad
1867 321 2104 371 edictum
2144 321 2309 370 simul

377 396 434 439 et
461 390 530 438 ad
559 389 779 438 scholas
805 392 890 439 ius
925 391 1254 440 discentium
1284 390 1592 454 pertinens;
1633 388 1944 452 singulares
1982 389 2125 437 enim
2161 387 2308 451 libri,
2338 392 2437 448 [90]

377 458 469 520 qui
507 457 702 506 titulus
740 458 967 520 primum
1005 473 1037 505 a
1076 459 1142 519 Q.
1178 457 1362 506 Mucio
1398 460 1522 521 post
1559 457 1900 520 conscriptos
1927 456 2112 504 XVIII
2138 455 2307 505 libros

378 525 486 574 de'
474 540 590 574 iure
629 524 780 574 civili
805 524 945 574 libro
981 514 1128 587 όρων
1163 525 1324 573 datus
1359 524 1596 584 videtur,
1637 524 1763 586 quia
1797 524 1845 572 is
1872 523 1983 574 illis
2006 522 2163 572 libris
2189 525 2308 572 uni·

349 594 552 642 .versis
563 592 741 642 velut
787 593 1004 656 quidam
1043 590 1126 654 (ut
1164 591 1463 641 Iustiniani
1498 590 1855 640 imitationem
1903 590 1960 639 in
2000 591 2308 655 exemplum

375 657 587 719 vocem)
624 659 818 708 titulus
854 659 920 707 de
947 660 1154 722 regulis
1181 659 1315 707 iuris
1343 658 1664 719 accedebat,
1702 653 2027 722 singulares,
2066 659 2308 722 inquam,

376 727 504 776 libri
531 728 700 775 etiam
725 726 807 775 illi
830 725 1033 776 Gaiani
1059 741 1169 775 non
1194 726 1371 774 minus
1400 732 1528 788 apte
1556 725 1884 774 dicebantur
1904 724 2144 788 praefixo
2183 740 2307 789 pro·

376 794 494 856 prio
531 793 693 843 titulo
728 794 938 843 ratione
974 795 1144 842 totius
1183 793 1367 856 operis
1405 792 1498 840 ‘ad
1528 791 1764 841 edic-tum
1791 793 2081 852 urbicum',
2108 808 2174 842 ex
2202 807 2311 856 quo

377 863 623 924 separati
660 858 1124 924 accipiebantur.¹
1203 860 1361 922 Quod
1400 859 1753 908 confirmatur
1795 860 1994 924 partim
2032 860 2118 920 iis,
2166 874 2309 923 quae

375 929 496 991 ipse
535 929 835 992 imperator
870 934 1042 981 const.
1084 929 1174 978 cit.
1211 929 1257 988 ξ.
1296 931 1342 981 4.
1383 927 1449 976 de
1485 928 1838 990 Digestorum
1877 928 2036 977 libris
2064 926 2310 990 singula-

377 997 528 1044 ribus
565 995 754 1056 tradit,
793 997 991 1059 partim
1031 995 1213 1044 indice
1239 995 1498 1046 librorum
1538 1001 1592 1044 et
1630 995 1910 1044 titulorum
1935 994 2305 1058 Digestorum,

377 1078 536 1129 quem
591 1062 825 1126 scriptor
869 1063 1277 1112 Pandeetarum
1336 1062 1795 1123 Florentinorum,
1844 1062 2152 1112 Iustiniano
2197 1076 2310 1109 non

376 1124 604 1178 multum
658 1130 906 1191 inferior,
961 1130 1254 1179 Pandeetis
1308 1130 1617 1194 praemisit3
1681 1130 1737 1178 in
1796 1145 1858 1178 eo
1914 1130 2059 1178 enim
2111 1135 2309 1192 aperta

372 1196 633 1246 librorum
671 1197 738 1246 ad
775 1197 1032 1260 edictum,
1037 1197 1058 1228 ²
1094 1213 1162 1247 ex
1190 1197 1386 1261 quibus
1424 1202 1591 1246 antea
1629 1197 1714 1246 ius
1753 1196 2089 1257 discebatur,
2125 1195 2306 1244 imita·

375 1265 540 1325 tione,
581 1270 967 1328 praeterquam
1006 1264 1145 1328 quod
1183 1280 1370 1314 omnes
1406 1265 1759 1329 Digestorum
1796 1264 1922 1312 libri
1960 1279 1991 1312 a
2030 1263 2199 1327 primo
2239 1263 2310 1311 ad

377 1332 891 1395 quinquagesimum
919 1338 1294 1393 numerantur,
1323 1335 1448 1396 post
1467 1333 1697 1396 primam
1719 1335 1941 1396 partem,
1974 1346 2112 1394 quae
2142 1331 2311 1379 etiam

380 1404 552 1448 antea
607 1398 775 1448 libros
829 1399 1137 1464 singulares
1191 1415 1299 1449 non
1355 1400 1613 1456 habebat,
1672 1398 1895 1448 seorsim
1950 1403 2317 1446 numerantur

377 1474 586 1528 septem
633 1465 760 1515 libri
807 1466 1117 1532 singulares
1165 1468 1232 1515 de
1278 1467 1499 1515 iudiciis
1548 1467 1683 1528 (5-
1703 1464 1819 1528 11),
1871 1470 1995 1513 octo
2045 1463 2109 1513 de
2143 1466 2316 1515 rebus

379 1531 641 1595 (12—19),
689 1534 1047 1598 singularium
1093 1534 1233 1583 liber
1278 1534 1479 1597 primus
1524 1549 1697 1596 usque
1736 1533 1805 1582 ad
1844 1532 2110 1581 decimum
2148 1531 2312 1594 (20—

376 1601 483 1663 29),
523 1605 733 1664 septem
762 1602 889 1652 libri
915 1601 1228 1666 singulares
1267 1602 1330 1650 de
1354 1601 1558 1664 legatis
1594 1606 1648 1650 et
1685 1600 2117 1649 fideicommissis
2157 1601 2314 1661 (30-

376 1667 485 1731 36),
525 1668 631 1718 duo
679 1670 744 1718 de
789 1670 1053 1718 bonorum
1089 1665 1533 1731 possessionibus
1572 1667 1674 1730 (37.
1714 1665 1831 1728 38)·
1879 1667 2191 1730 similiaque
2230 1667 2313 1714 in·

375 1736 596 1786 veneris
633 1736 690 1782 in
726 1734 950 1797 scriptis
988 1735 1297 1794 Thalelaei,
1336 1734 1607 1796 Stephani
1643 1739 2052 1797 ceterorumque
2081 1748 2316 1783 coaevo-

376 1818 493 1852 rum
520 1801 1028 1864 iurisprudentium‚
1057 1816 1281 1864 quorum
1308 1801 1433 1850 loca
1462 1801 1691 1865 collegit
1717 1800 1939 1850 Reizius
1969 1801 2038 1850 ad
2064 1800 2311 1864 Theoph.

377 1870 448 1920 II.
486 1885 538 1932 p.
579 1870 704 1918 1237
746 1883 860 1931 seq.
933 1868 1039 1916 Sed
1087 1872 1143 1917 et
1185 1869 1292 1932 ipsi
1333 1872 1592 1931 quattuor
1636 1867 1764 1917 libri
1807 1867 2133 1932 singulares,
2175 1883 2314 1932 quos

377 1936 718 1988 Iustinianus
755 1937 941 2000 palam
966 1933 1106 1985 Gaio
1132 1936 1328 1985 tribuit
1365 1951 1611 2000 quosque
1639 1935 1778 1986 elim
1805 1936 1977 2001 primo
2006 1950 2146 1984 anno
2184 1940 2318 2015 post

377 2004 766 2054 Institutiones
823 2019 888 2053 ex
945 2004 1118 2053 edicto
1172 2004 1405 2053 traditos
1462 2018 1583 2053 esse
1638 2008 1921 2065 memorat,
1977 2003 2316 2053 conveniunt

381 2088 502 2122 eum
542 2072 913 2135 singularibus
943 2073 1069 2122 Gaii
1104 2072 1262 2121 libris
1302 2072 1369 2119 ad
1408 2070 1648 2120 edietum
1685 2072 1959 2131 urbicium
1999 2075 2127 2119 sunt
2166 2072 2311 2119 enim

378 2140 444 2189 de
482 2154 536 2187 re
572 2141 767 2188 uxoria
807 2144 892 2200 (=
931 2139 1260 2188 ‘dotalicion
1300 2137 1522 2203 βιβλίον
1562 2132 1653 2187 ἕν’
1702 2139 1810 2190 ind.
1849 2138 2017 2195 Flor„
2066 2137 2196 2186 licet
2232 2139 2314 2188 ibi

377 2222 486 2256 non
525 2207 742 2255 dicatur
779 2207 951 2255 fuisse
992 2222 1056 2253 ex
1093 2206 1249 2254 libris
1288 2206 1355 2254 ad
1396 2207 1650 2268 edictum,
1694 2206 1834 2270 quod
1872 2205 2044 2255 facile
2078 2207 2133 2253 in
2171 2204 2314 2254 obli-

376 2274 589 2323 vionem
634 2274 826 2323 venire
872 2274 1077 2337 potuit;
1126 2273 1222 2321 sed
1271 2272 1444 2322 Gaius
1488 2274 1692 2323 ideireo
1739 2274 1883 2322 hanc
1931 2273 2217 2322 materiam
2255 2274 2312 2321 in

378 2343 516 2391 Inst.
544 2340 876 2404 praeteriit),
916 2340 982 2388 de
1010 2339 1202 2389 tutelis
1245 2340 1427 2401 (citati
1452 2339 1571 2389 Gai.
1601 2343 1647 2405 1,
1679 2341 1814 2403 188),
1853 2339 1919 2389 de
1957 2342 2314 2390 testamentis

378 2531 435 2578 ΙΙ.
460 2545 506 2592 p.
531 2538 556 2577 8
580 2543 679 2591 seq.
719 2528 991 2584 docuerunt,
1029 2541 1166 2590 quam
1206 2528 1407 2575 Leistius
1443 2526 1839 2589 (Recbtssysteme
1873 2541 1921 2589 p.
1956 2523 2049 2586 68.)
2086 2533 2129 2573 et
2164 2541 2317 2589 nuper

378 2598 693 2645 Mommsenus
717 2595 880 2643 Jahrb.
908 2596 938 2643 l.
968 2610 1010 2642 c.
1039 2610 1086 2657 p.
1113 2604 1176 2642 12.
1219 2594 1302 2643 Est
1328 2596 1466 2643 etiam
1492 2595 1736 2643 retinenda
1763 2595 1965 2654 vulgaris
1994 2594 2315 2656 interpunctio

382 2663 683 2725 ‘appellatum
711 2669 884 2723 septem
909 2663 1042 2710 libris
1069 2664 1305 2716 semotis';
1333 2663 1588 2725 imperator
1608 2663 1730 2710 enim
1754 2661 1896 2710 verbo
1919 2662 2158 2709 ‘semotis’
2187 2662 2315 2710 idem

379 2730 631 2790 significat,
660 2730 781 2789 quod
803 2735 935 2775 antea
959 2729 1139 2777 dixerat
1165 2730 1335 2777 ‘titulis
1360 2730 1416 2777 ab
1445 2745 1495 2778 ea
1525 2730 1753 2791 exceptis'
1781 2754 1847 2763 —
1874 2743 1942 2777 sc.
1972 2729 2027 2776 ad
2050 2729 2313 2788 legendum,

380 2804 430 2846 ut
454 2801 646 2859 apparet
672 2809 724 2841 ex
750 2795 906 2841 verbis
932 2809 1030 2857 seq.
1060 2798 1193 2844 ‘Post
1219 2811 1376 2844 eorum
1405 2812 1513 2845 vero
1539 2798 1830 2845 lectionem’.
1941 2793 1979 2856 ¹)
2017 2797 2083 2843 De
2110 2796 2314 2844 aliorum

381 2863 684 2927 opinionibus
720 2862 784 2908 εἴ.
814 2863 940 2910 Bach
965 2863 1076 2910 hist.
1100 2864 1292 2925 iurispr.
1319 2865 1403 2912 ΙΙΙ.
1431 2874 1471 2918 2,
1497 2872 1538 2912 5.
1566 2862 1619 2926 S.
1648 2873 1713 2913 14.
1751 2864 1808 2910 de
1834 2863 2008 2923 Weyhe
2034 2862 2175 2911 edict.
2201 2878 2314 2926 per-

312 2963 318 2970 ·
381 2938 473 2994 pet.
500 2945 544 2992 p.
569 2938 634 2977 87.
671 2927 806 2976 Hube
832 2929 899 2976 ed,
927 2931 1027 2982 Gai,
1048 2932 1164 2979 Inst.
1196 2932 1343 2993 praes.
1370 2947 1416 2994 p.
1443 2932 1577 2983 XVII.
1640 2928 1682 2992 ²)
1709 2932 1809 2979 Non
1838 2944 1890 2977 ex
1916 2932 2015 2992 ipsa
2041 2945 2093 2978 re
2118 2931 2316 2993 petitam

381 3013 465 3046 nec
502 2996 753 3044 Iustiniani
801 2997 983 3045 demum
1020 3012 1135 3046 aevo
1179 2999 1413 3046 inventam
1454 3013 1556 3047 esse
1601 2999 1721 3046 hanc
1759 2998 2045 3059 peculiarem
2084 2998 2315 3046 librorum

381 3065 754 3113 numerationem
773 3072 958 3126 praeter
976 3065 1066 3113 alia
1091 3065 1232 3128 (cs.p.
1247 3074 1337 3114 155.
1352 3063 1523 3128 not.3.)
1544 3073 1817 3125 argumento
1839 3071 1921 3118 est.
1944 3064 2066 3127 quod
2084 3065 2195 3113 libri
2219 3072 2316 3114 ter-

378 3132 544 3180 ribiles
569 3141 635 3179 47.
663 3139 707 3179 et
729 3139 796 3179 48.
838 3147 929 3179 non
957 3133 1248 3195 appellantur
1282 3135 1558 3193 singulares.
1610 3134 1793 3182 Desinit
1819 3133 1935 3180 haec
1962 3133 2226 3180 numeratio
2264 3133 2314 3180 in

379 3200 516 3249 libris
542 3208 606 3247 37.
631 3206 698 3247 38.
730 3200 928 3247 fortasse
953 3200 1075 3255 ideo,
1103 3200 1225 3263 quod
1253 3202 1364 3248 etin
1388 3201 1492 3249 Gaii
1519 3201 1654 3249 libris
1674 3201 1730 3249 ad
1752 3200 1955 3249 edictum
1982 3199 2174 3247 extremi
2202 3199 2313 3247 libri

378 3268 643 3328 singulares
669 3274 800 3315 erant
828 3268 885 3314 de
908 3267 1136 3315 bonorum
1164 3268 1559 3330 possessionibuS‚
1587 3282 1703 3331 quos
1728 3268 1885 3316 laudat
1910 3276 1947 3322 3,
1973 3276 2040 3314 33.
2095 3267 2314 3315 Ceterum

378 3335 492 3383 hinc
531 3335 670 3383 etiam
707 3349 823 3382 nova
860 3334 933 3381 lux
969 3335 1142 3383 affundi
1172 3335 1351 3382 videtur
1385 3336 1664 3397 quaestioni,
1700 3350 1783 3383 cur
1807 3333 2107 3398 sequentibus
2133 3335 2315 3382 seculis

379 3404 563 3451 medius
585 3403 881 3459 Digestorum
904 3402 1062 3455 triens.
1091 3402 1172 3465 qui
1199 3402 1458 3465 appellatur
1477 3403 1793 3457 infortiatum‚
1823 3404 1938 3450 ultra
1967 3400 2177 3464 quintam
2203 3416 2316 3463 par-

380 3477 485 3528 tem,
514 3477 741 3533 quatenus
777 3469 886 3517 libri
922 3470 1182 3530 singulares
1220 3485 1269 3517 ex
1298 3470 1546 3517 Iustiniani
1573 3476 1825 3532 praecepto
1852 3468 2161 3532 pertinebant,
2191 3469 2317 3517 libro

377 3546 442 3589 37.
471 3546 513 3585 et
537 3546 602 3586 38.
631 3545 763 3585 aucta
791 3539 870 3585 sit.

2396 3581 2517 3805 il
