2546 3928
288 1182 401 1230 148.

425 192 547 248 144
643 194 650 205 ’
1011 205 1124 241 oxu
1162 206 1367 240 xxsnr.
1405 191 1504 242 111.
1544 192 1774 239 77-79,

422 347 522 386 nec
564 346 648 385 me
689 331 969 403 praeterit,
1014 347 1124 385 non
1154 331 1285 385 satis
1328 330 1382 385 in
1415 345 1474 383 ea
1505 345 1564 383 re
1594 328 1730 401 legis
1762 327 1991 383 latorem
2019 326 2360 384 uoluntatem

423 431 572 470 suam
605 413 786 469 uerbis
818 418 1172 488 expressisse.

547 494 635 554 77.
682 498 970 553 Videamus
1010 507 1189 553 autem
1222 506 1276 553 et
1308 496 1375 552 de
1407 512 1471 552 ea
1501 497 1869 566 successione,
1915 511 2049 569 quae
2087 495 2254 551 nobis
2297 511 2357 550 ex

422 585 694 657 emptione
736 581 1002 638 honorum
1047 584 1327 657 competit.
1426 576 1521 637 78.
1568 581 1713 635 Bona
1755 588 1934 635 autem
1979 588 2229 635 ueneunt
2271 587 2359 634 aut

425 669 673 723 uiuorum
717 676 811 722 aut
853 675 1219 721 mortuorum:
1266 667 1540 734 uiuorum,
1586 664 1741 719 uelut
1772 680 1981 736 eorum,
2018 665 2112 737 qui
2146 663 2357 719 frauda-

424 754 584 807 tionis
630 768 790 807 eausa
830 751 1065 823 latitant,
1110 767 1210 807 nec
1248 751 1499 806 absentes
1542 748 1941 817 defenduntur3
1981 750 2110 804 item
2145 764 2354 817 eorum,

423 838 513 909 qui
545 853 610 892 ex
641 835 765 910 lege
794 835 926 891 iulia
957 835 1112 890 bonis
1145 834 1374 903 cedunt3
1406 835 1535 890 item
1565 832 1929 890 iudicatorum
1961 841 2088 907 post
2120 840 2354 905 tempuS,

422 920 570 994 quod
600 922 676 976 eis
707 921 899 994 partim
930 919 1053 993 lege
1084 935 1176 975 111
1217 919 1521 974 tabularum
1549 919 1742 991 partim
1787 916 1965 974 edicto
1995 918 2270 991 praetoris
2297 913 2354 970 sd

422 1004 804 1078 expediendam
845 1003 1126 1077 pecuniam
1168 1002 1446 1059 tribuitur.
1526 1009 1866 1057 mortuorum
1908 1001 2053 1058 bona
2095 1008 2352 1069 ueneunt,

422 1089 575 1143 uelut
599 1103 807 1155 eorum,
841 1086 1036 1160 quibus
1066 1096 1272 1142 certum
1298 1096 1382 1142 est
1413 1102 1588 1160 neque
1619 1086 1846 1142 heredes
1877 1102 2056 1160 neque
2086 1084 2352 1141 bonorum

422 1187 768 1245 possessores
800 1186 977 1243 neque
1010 1170 1177 1225 ullum
1209 1170 1370 1226 alium
1411 1166 1420 1248 Ι
1458 1172 1660 1226 iustum
1695 1186 2071 1226 successorem
2104 1171 2352 1226 existere.

419 1251 512 1312 79.
562 1255 618 1311 Si
656 1253 870 1328 quidem
913 1255 1025 1309 uiui
1065 1253 1208 1309 bona
1251 1262 1507 1325 ueneant,
1550 1254 1699 1311 iubet
1742 1271 1804 1310 ea
1847 1264 2072 1331 praetor
2111 1270 2215 1328 per
2245 1253 2352 1308 dies

422 1341 710 1398 continuos
752 1357 877 1396 xxx
915 1338 1185 1414 possideri
1232 1347 1288 1395 et
1328 1338 1613 1412 proscribi,
1657 1341 1701 1394 si
1744 1355 1878 1394 uero
1921 1341 2147 1411 mortui,
2197 1329 2453 1412 ’per¹[227]

421 1425 534 1480 dies
577 1442 688 1497 xv3
732 1432 925 1497 postea
965 1423 1116 1479 iubet
1157 1425 1453 1480 conuenire
1495 1423 1793 1479 creditores
1837 1431 1892 1479 et
1933 1440 1997 1478 ex
2027 1440 2095 1479 eo
2128 1437 2353 1478 numero

418 1511 736 1583 magistrum
780 1510 968 1579 creari,
1014 1508 1067 1564 id
1112 1516 1196 1564 est
1238 1525 1381 1578 eum,
1423 1524 1520 1581 per
1562 1524 1720 1581 quem
1763 1507 1904 1563 bona
1946 1518 2217 1564 ueneant:
2257 1509 2352 1562 ita·

421 1610 525 1666 que
568 1595 613 1648 si
653 1593 764 1648 uiui
808 1593 946 1649 bona
979 1601 1233 1662 ueneant,
1278 1595 1333 1648 in
1365 1592 1553 1647 diebus
1595 1592 1659 1650 ’Χ
1689 1595 1868 1666 leyem
1912 1593 2191 1650 bonorum
2221 1606 2351 1650 uen-

419 1680 733 1734 dendorum
756 1671 930 1743 fielri²
959 1677 1131 1747 iubet,
1163 1678 1209 1731 si
1241 1678 1461 1747 mortui,
1494 1677 1548 1730 in
1573 1675 1759 1731 diebus
1801 1669 1893 1731 1⁷3.
1947 1670 2215 1733 tandem⁴¹
2248 1677 2349 1732 uiui

545 1854 585 1918 ¹)
613 1856 703 1904 Ex
730 1856 939 1905 Goescle.
968 1856 1039 1917 ej.
1078 1864 1184 1919 post
1209 1855 1265 1908 0.
1292 1858 1408 1905 edd.
1480 1853 1523 1918 ²)
1550 1856 1642 1906 Ea:
1660 1873 1769 1907 mea
1787 1858 1856 1919 ej.
1889 1856 2161 1921 (‘Nexum’
2181 1873 2235 1920 p.
2255 1852 2347 1919 153)

417 1924 620 1974 restitui
627 1941 645 1980 ‚·
679 1923 824 1973 modo
851 1938 980 1972 nunc
1006 1923 1139 1974 tand.
1167 1923 1405 1985 (tandem)
1430 1926 1584 1973 malni
1602 1940 1700 1989 pro
1731 1928 1895 1976 ‘tum’.
1944 1924 2054 1975 Nec
2077 1932 2214 1975 muto
2237 1939 2346 1974 sen-

421 1993 626 2043 tentiam
659 2007 729 2042 ex
761 1992 812 2040 V
819 1992 872 2049 ⁵‘‚
909 1994 962 2041 in
997 2007 1093 2057 quo
1127 1992 1391 2053 referente
1425 1992 1667 2057 Kriiyero
1703 1993 1842 2056 (lerit.
1876 1993 2138 2043 Ver-suche
2171 2010 2228 2058 p.
2255 1989 2346 2053 137)

416 2069 493 2110 est
517 2063 564 2110 in
588 2061 782 2110 diebusu
806 2061 927 2121 lieri,
954 2062 1091 2124 quod
1106 2061 1426 2124 interpretor
1444 2063 1523 2110 vet
1539 2062 1744 2125 corrigo
1770 2064 1818 2110 in
1843 2062 1966 2110 dieb.
1993 2077 2030 2110 x
2055 2062 2088 2111 1.
2118 2062 2165 2110 b.
2194 2077 2221 2110 u
2246 2060 2344 2110 fieri

414 2149 481 2169 =
505 2120 868 2191 ποιήσασθαι
906 2130 1054 2189 iegem
1089 2129 1322 2177 bonorum
1358 2129 1707 2177 vendendorum
1751 2128 1993 2192 Tleeoph„
2030 2144 2135 2193 quo
2161 2129 2345 2178 iniuria

411 2197 563 2260 flocci
579 2196 770 2256 habito,
790 2195 1001 2259 Krizyer
1018 2195 1177 2244 scribi
1192 2197 1294 2244 vult
1322 2197 1367 2244 in
1395 2196 1559 2244 diebus
1577 2211 1614 2244 x
1633 2196 1864 2245 bonorum
1885 2197 2205 2246 venditionem
2225 2195 2343 2245 fieri.

416 2263 524 2312 Sed
549 2262 704 2311 Gaius
727 2263 934 2311 eandem
964 2277 1068 2311 rem
1095 2277 1195 2310 non
1215 2263 1551 2318 diversimode
1573 2266 1865 2325 significare
1884 2270 2113 2327 poterat,
2133 2266 2345 2328 primum

414 2328 580 2378 verbis
604 2328 832 2377 bonorum
856 2330 1173 2377 venditionem
1199 2331 1322 2391 fieri,
1342 2337 1525 2393 postea
1543 2332 1664 2379 bona
1688 2331 1870 2380 addici.
1943 2328 1986 2390 ³)
2026 2331 2224 2381 dimidio
2250 2332 2343 2379 die·

413 2396 520 2445 husi
554 2394 607 2443 V
611 2395 662 2447 ⁵².
695 2392 847 2444 Omisi
867 2411 910 2444 v.
947 2396 1161 2457 dimidio,
1187 2399 1326 2461 quod
1347 2412 1374 2446 e
1398 2400 1625 2461 maraine
1659 2400 1938 2461 inrepsisse
1965 2400 2014 2447 in
2039 2401 2203 2462 ipsam
2226 2412 2343 2447 ora·

416 2468 599 2515 tionem
622 2464 847 2519 videtum·
872 2478 933 2513 eo
958 2464 1088 2512 enim
1113 2470 1397 2526 corrector,
1423 2472 1479 2513 ut
1500 2473 1640 2528 puto,
1660 2482 1759 2516 non
1776 2468 1906 2516 satis
1928 2466 2121 2516 liabens
2145 2465 2340 2516 adscri-

414 2533 534 2582 bere
569 2548 594 2581 u
611 2569 624 2591 ,
653 2547 781 2597 quae
806 2537 928 2581 nota
953 2532 1094 2581 varie
1130 2534 1301 2596 accipi
1320 2539 1544 2596 poterat,
1581 2536 1870 2598 siynificare
1894 2536 2065 2597 voluit,
2093 2532 2337 2584 dimidium

414 2603 521 2650 eius
555 2601 747 2649 numeri
780 2600 997 2660 dierum,
1035 2601 1122 2663 qni
1152 2606 1521 2663 antecesserat,
1552 2604 1838 2666 ponendum
1871 2615 1998 2651 esse.
2052 2602 2191 2655 Edd.
2227 2613 2266 2649 1.
2297 2608 2335 2647 2.

411 2670 747 2729 scripseram:
782 2667 949 2716 diebus
983 2683 1039 2725 v,
1074 2683 1106 2715 a
1143 2668 1332 2732 quibus.
1382 2668 1491 2718 Sed
1520 2683 1615 2717 sua
1647 2676 1829 2733 sponte
1854 2671 2178 2733 intelleyitur,
2213 2669 2335 2718 Inane

412 2736 689 2784 vicesimum
714 2737 792 2781 vel
824 2736 1060 2783 decimum
1085 2736 1216 2783 diem
1240 2736 1305 2785 ab
1330 2736 1532 2785 exactis
1556 2744 1600 2782 Χ
1620 2740 1700 2785 vet
1730 2742 1769 2781 V
1787 2736 1961 2786 diebus
1985 2738 2334 2787 numerandum

411 2817 539 2853 esse.
580 2804 618 2851 si
655 2803 822 2850 mortui
859 2802 906 2850 in
942 2802 1160 2854 dimidio.
1198 2804 1371 2852 Diebus
1405 2806 1562 2867 itaque
1595 2803 1784 2867 ej.Kr.
1838 2803 1937 2854 Ubi
1967 2805 2163 2867 dupleoe
2186 2806 2334 2867 itaque

412 2873 543 2920 nullo
567 2871 712 2919 modo
734 2869 871 2932 ferri
892 2876 1090 2933 potest:
1120 2873 1268 2934 prius
1292 2878 1433 2920 recte
1463 2870 1616 2920 Gaius
1645 2873 1832 2935 posuit,
1869 2872 1986 2935 quia
2011 2880 2217 2921 creatus
2238 2882 2333 2919 ma-

408 2939 586 3001 9ister,
621 2953 719 3001 per
754 2952 894 3001 quem
928 2938 1061 2987 bona
1084 2945 1314 3000 veneant,
1345 2939 1610 2988 desiderat
1632 2942 1786 3002 leyem
1811 2939 1856 2988 b.
1882 2956 1925 2988 v.
2018 2937 2064 3001 ⁴)
2103 2948 2205 2989 tait*
2237 2937 2281 2987 V
2291 2933 2328 2967 ⁵²

544 3084 594 3153 ξ.
625 3091 705 3137 77.
749 3089 827 3150 Cf.
853 3100 896 3154 2,
923 3099 989 3139 98.
1025 3105 1112 3153 pr.
1137 3090 1186 3140 I.
1212 3093 1276 3140 de
1300 3105 1436 3140 succ.
1459 3091 1585 3140 subl.
1618 3087 1680 3154 (3,
1708 3087 1794 3154 12).
1832 3091 1910 3140 De
1931 3092 2170 3153 privatim
2190 3090 2329 3152 facta

407 3155 693 3205 venditione
719 3156 958 3206 bonorum
981 3157 1046 3205 L.
1070 3167 1137 3209 67.
1174 3156 1227 3220 8.
1252 3168 1292 3210 2.
1331 3160 1402 3207 D.
1427 3160 1490 3207 de
1517 3161 1663 3208 cond.
1690 3159 1854 3207 indeb.
1891 3159 1982 3220 (12,
2009 3157 2075 3222 6).
2178 3154 2229 3224 ξ.
2254 3156 2327 3206 78.

409 3225 485 3288 qui
517 3222 665 3275 fraud.
693 3238 733 3271 e.
764 3224 867 3281 lat.]
904 3224 971 3285 cf.
1004 3224 1103 3273 Cic.
1123 3241 1221 3287 pro
1250 3223 1414 3284 Quint.
1444 3237 1506 3275 19.
1530 3237 1595 3276 23.
1635 3226 1697 3279 L.
1725 3236 1763 3276 7.
1791 3223 1844 3289 S.
1870 3237 1908 3275 1.
1949 3227 2012 3275 D.
2039 3226 2171 3291 quib.
2196 3240 2264 3275 ea:
2286 3237 2324 3271 c.

407 3294 456 3341 in
479 3305 619 3354 poss.
646 3289 730 3354 (42,
756 3288 819 3353 4).
870 3306 921 3340 ex
947 3292 982 3340 1.
1008 3288 1150 3356 Iulia]
1183 3293 1418 3357 Auyusti,
1453 3302 1507 3342 ut
1533 3295 1748 3344 videtur.
1791 3294 1867 3356 Cf.
1896 3295 2013 3357 Diy.
2039 3302 2105 3350 42,
2130 3304 2170 3343 3.
2210 3291 2259 3341 0.
2287 3299 2325 3348 7,

407 3369 473 3408 71.
519 3358 607 3413 Th.
639 3359 688 3408 C.
714 3371 756 3417 4,
783 3369 847 3407 2ο.
886 3359 949 3407 L.
977 3371 1039 3408 11.
1066 3357 1123 3409 G.
1154 3375 1225 3408 ex
1249 3361 1380 3424 quib.
1408 3377 1450 3410 c.
1476 3362 1648 3424 infam.
1676 3361 1738 3424 (2,
1768 3362 1857 3423 12).
1904 3356 2233 3424 iudicatorum]
2259 3357 2323 3419 cf.

411 3425 535 3477 Geli.
570 3436 638 3489 2ο,
665 3440 704 3475 1.
740 3435 804 3486 15,
832 3436 897 3476 18.
936 3427 1091 3475 edicto
1127 3425 1217 3489 pn]
1252 3434 1378 3489 puta
1412 3430 1462 3477 in
1488 3431 1688 3479 iudiciis
1711 3430 1922 3493 imperio
1947 3427 2322 3479 continentibus.

410 3491 488 3548 Cf.
507 3503 547 3550 4,
572 3503 661 3547 105.
701 3489 1007 3559 mortuorum]
1036 3494 1105 3556 cf.
1126 3504 1167 3553 2,
1191 3503 1280 3544 154.
1308 3506 1395 3545 158.
1423 3506 1512 3546 150.
1586 3495 1636 3562 ξ.
1660 3500 1739 3548 79.
1767 3498 1847 3561 Cf.
1871 3497 1971 3551 Cic.
1988 3513 2089 3562 pro
2111 3495 2269 3557 Quint.
2287 3502 2325 3544 8.

417 3555 635 3618 Theoph.
662 3570 701 3621 3,
727 3571 773 3608 12
796 3577 875 3624 pr.

2476 726 2486 929 ἑ
