2546 3928
787 214 796 221 ,
886 178 999 213 osu
1034 179 1231 214 msa-rr.
1269 165 1374 216 III.
1417 167 1529 214 141.
2050 162 2169 219 159

236 310 421 358 autem
452 311 659 358 certum
682 318 801 357 esse
826 302 1013 357 debet:
1047 303 1287 375 alioquin
1312 304 1358 358 si
1383 305 1457 358 ita
1481 304 1623 358 iuter
1650 295 1798 357 ’nos¹
1833 305 2172 374 conuenerit,

238 395 303 442 ut
335 389 520 459 quanti
553 386 727 441 Titius
769 403 882 441 rem
914 388 1308 458 aestimauerit,
1343 388 1477 442 tanti
1506 388 1576 442 sit
1607 394 1815 457 empta,
1861 386 2037 442 Labeo
2082 404 2175 442 ne-

240 472 426 545 gauit,
483 470 642 525 ullam
689 472 797 525 uim
851 471 952 525 hoc
993 472 1276 544 negotium
1334 470 1559 539 habere3
1617 488 1791 542 quam
1835 475 2174 527 sententiam

242 555 460 611 Cassius
494 554 716 628 probat:
759 548 890 629 (αἱ)2
922 553 1110 610 Ofilius
1143 564 1197 611 et
1228 572 1344 610 eam
1376 559 1708 627 emptionem
1744 561 1916 626 putat
1948 563 2003 611 et
2034 571 2173 610 uen-

240 638 532 712 ditionem,
577 639 728 694 cuius
753 626 1083 712 'opinionem
1114 639 1381 695 Proculus
1421 649 1640 694 secutus
1672 646 1774 694 est.
1864 636 1984 695 141.
2032 638 2176 694 Item

241 724 477 796 pretium
507 724 562 778 in
592 730 875 778 numerata
904 726 1131 797 pecunia
1162 718 1482 801 coassistere
1509 722 1695 778 debet:
1729 742 1863 779 nam
1893 726 1948 777 in
1979 724 2174 778 ceteris
2197 725 2308 775 165.

243 805 405 861 rebus
437 822 503 861 au
532 809 768 880 pretium
794 823 912 862 esse
942 810 1137 882 possit,
1173 807 1342 862 ueluti
1376 808 1537 862 homo
1569 816 1663 862 aut
1695 812 1824 880 toga
1855 814 1946 862 aut
1978 807 2176 861 fundus

90 892 224 949 [242]
250 890 473 946 alterius
528 892 604 945 rei
661 888 935 963 (prelium
977 907 1102 948 esse
1137 891 1372 963 possit),
1430 891 1584 946 ualde
1639 892 1947 964 quaeritur:
2002 892 2179 946 nostri

246 983 626 1049 praeceptores
669 983 895 1049 putant,
946 978 1106 1032 etiam
1158 978 1210 1032 in
1255 977 1356 1032 alia
1399 992 1456 1031 re
1499 992 1662 1050 posse
1707 974 2007 1031 consistere
2054 991 2174 1047 pre-

245 1060 412 1127 tium;
464 1059 603 1114 unde
644 1059 784 1116 illud
811 1068 924 1132 est,
958 1061 1104 1133 quod
1137 1060 1308 1134 uulgo
1339 1067 1561 1134 putant,
1595 1077 1693 1133 per
1723 1061 2177 1133 permutationem

245 1159 426 1199 rerum
469 1145 795 1216 emptionem
840 1152 894 1200 et
938 1144 1306 1201 uenditionem
1350 1145 1627 1215 contrahi,
1672 1161 1899 1217 eamque
1940 1144 2178 1217 speciem

246 1228 536 1300 emptionis
583 1235 636 1283 et
687 1228 1019 1284 uenditionis
1064 1231 1483 1284 uetustissimam
1536 1245 1689 1297 esse3
1743 1236 2179 1301 argumentoque

248 1317 477 1366 utuntur
508 1311 708 1367 Graeco
741 1321 904 1385 poeta
936 1312 1193 1382 Homero,
1226 1314 1320 1384 qui
1352 1311 1527 1384 aliqua
1558 1320 1711 1385 parte
1741 1314 1822 1367 sic
1852 1313 1950 1367 ait:

486 1420 695 1484 (ἔνθεν
732 1416 825 1489 ἄρ’
867 1418 1147 1486 οἰνίζοντο
1183 1416 1654 1488 καρηκομόωντες
1682 1414 1919 1487 Ἀχαιοί,

489 1485 653 1541 ἄλλοι
690 1487 799 1555 μὲν
837 1489 1045 1556 χαλκῷ,
1086 1483 1247 1541 ἄλλοι
1287 1485 1344 1541 δ’
1387 1487 1603 1541 αἴθωνι
1641 1487 1875 1556 σιδήρῳ,

489 1547 651 1636 ᾅλλοι
689 1553 757 1608 δὲ
795 1550 1001 1637 ῥινοῖς,
1036 1547 1200 1608 ἄλλοι
1238 1550 1297 1607 δ’
1338 1552 1545 1623 αὐτῇσι
1581 1550 1828 1623 βόεσσιν,

492 1624 657 1674 aizoi
693 1617 752 1674 δ’
791 1615 1301 1689 ανὸραπόὸεσσιν,)

245 1729 325 1785 ’et
367 1721 637 1802 reliqua.3
710 1729 954 1785 diuersae
994 1731 1211 1787 scholae
1251 1740 1503 1787 auctores
1545 1730 1873 1786 dissentiunt
1927 1729 2181 1802 aliudque

246 1829 372 1869 esse
425 1815 731 1869 existimant
784 1816 1235 1887 permutationem
1282 1831 1496 1887 rerum,
1551 1815 1700 1871 aliud
1753 1816 2080 1889 emptionem
2128 1823 2180 1868 et

249 1897 648 1968 uenditionem3
707 1899 945 1973 alioquin
1013 1908 1124 1956 non
1175 1915 1347 1972 posse
1399 1917 1514 1956 rem
1567 1900 1805 1974 expediri
1864 1900 2182 1974 permutatis

246 1981 443 2054 rebuS,
491 1998 628 2056 quae
658 1984 910 2040 uideatur
950 2001 1038 2040 res
1071 1986 1322 2056 uenisse,
1368 1992 1422 2040 et
1451 2002 1591 2057 quae
1622 1986 1782 2057 pretii
1812 1985 2029 2038 nomine
2060 1983 2183 2036 data

247 2083 401 2139 esse,
462 2066 557 2122 sed
607 2084 797 2123 rursus
844 2075 1130 2141 utramque
1189 2068 1364 2123 uideri
1416 2076 1472 2122 et
1527 2069 1742 2123 uenisse
1792 2075 1846 2121 et
1902 2074 2185 2137 utramque

249 2153 412 2224 pretii
453 2152 668 2206 nomine
713 2151 890 2208 datam
932 2168 1083 2221 esse,
1125 2150 1418 2207 absurdum
1463 2151 1654 2207 uideri.
1725 2158 1810 2206 set
1854 2152 1933 2206 ait
1975 2148 2182 2204 Caelius

251 2234 512 2306 SabinuS,
556 2237 600 2290 si
644 2252 759 2291 rem
800 2235 913 2291 ’tibi
955 2236 1200 2292 uenalem
1243 2230 1523 2307 habenti,4
1566 2237 1736 2291 ueluti
1774 2234 2034 2306 fundum,
2082 2234 2184 2290 'ac-

250 2313 573 2389 cesserim,⁵
613 2327 668 2374 et
698 2322 860 2393 pretii
900 2323 1114 2376 nomine
1155 2321 1426 2376 hominem
1470 2321 1611 2376 sorte
1642 2320 1914 2392 dederim,
1958 2318 2183 2373 fundum

253 2403 469 2476 quidem
512 2403 681 2459 uideri
725 2406 973 2477 uenisse,
1018 2405 1288 2460 hominem
1331 2414 1509 2461 autem
1556 2406 1719 2478 pretii
1749 2406 1966 2459 nomine
2000 2403 2185 2458 datum

255 2504 398 2559 esse,
430 2495 492 2544 ut
522 2487 729 2545 fundus
760 2482 1145 2561 acciperetur.⁶

391 2651 431 2716 1)
459 2653 550 2701 Ex
573 2668 683 2701 mea
707 2654 777 2714 cj.
800 2666 881 2701 eos
902 2653 952 2701 C.
972 2653 1088 2700 edd.
1107 2653 1257 2699 etiam
1276 2667 1385 2699 mea
1406 2662 1441 2699 ι.
1480 2649 1796 2698 lastinianus
1820 2665 1916 2713 pro
1936 2664 2073 2698 more
2096 2658 2200 2698 suo‘

251 2721 634 2783 imperatoriam
664 2723 973 2769 maiestatem
1006 2720 1252 2781 eoeemplis
1278 2734 1526 2816 nunguam
1558 2718 1912 2767 immiscendae
1937 2718 1989 2766 in
2016 2715 2187 2765 Instit.

254 2790 406 2836 etiam
438 2788 486 2836 Ιι.
524 2791 556 2839 l.
589 2803 689 2850 pro
724 2803 810 2836 nos
843 2787 1015 2850 posuit
1049 2787 1245 2849 aliquoS.
1411 2784 1430 2850 )
1473 2786 1780 2834 Geminando
1821 2786 2067 2848 supplevi.

254 2850 298 2918 ³)
336 2854 475 2903 Edd.
505 2863 721 2918 praeter
751 2855 1035 2918 principem
1067 2854 1193 2902 haec
1236 2854 1392 2903 verba
1428 2854 1556 2902 Gaio
1593 2852 1874 2914 familiaria
1912 2866 2189 2915 perperam

254 2928 310 2970 ut
335 2938 368 2970 a
392 2922 602 2971 librario
627 2924 867 2986 profecta
885 2923 1144 2977 omittunt,·
1170 2937 1283 2971 nam
1307 2927 1357 2969 et
1382 2923 1514 2970 alias
1535 2926 1689 2982 parte
1709 2922 1897 2985 aliqua,
1925 2934 2053 2983 quae
2077 2922 2189 2968 sola

254 2990 327 3038 ad
347 3004 454 3038 rem
474 2992 717 3053 pertinet,
751 3005 822 3039 ex
859 2990 1091 3039 oratione
1117 2991 1333 3054 quadam
1368 2989 1595 3038 desumta
1619 2989 1793 3037 eadem
1816 2988 1971 3037 verba
1994 2988 2189 3037 addun-

254 3062 355 3104 tur.
392 3055 474 3118 Cf.
511 3067 551 3114 2,
589 3066 679 3105 1‘14.
713 3067 755 3117 4,
790 3067 859 3106 36.
895 3067 960 3109 37.
993 3067 1060 3106 43.
1086 3067 1177 3106 136.
1282 3055 1325 3119 4)
1362 3055 1449 3105 Sic
1485 3056 1540 3107 G.
1577 3056 1701 3105 Titio
1737 3058 1951 3106 uenalem
1986 3056 2189 3106 habente

255 3124 374 3177 edd.
483 3122 523 3187 ⁵)
560 3123 762 3188 Scripsi
798 3124 1016 3174 ‘Gaius’
1048 3140 1102 3188 p.
1136 3135 1203 3174 94.
1251 3125 1519 3187 acceperim
1555 3123 1611 3173 0.
1648 3124 1764 3174 edd.
1870 3123 1912 3186 δ)
1952 3122 2191 3189 Sequitur

526 3217 664 3225 ——-

393 3255 445 3324 ξ.
474 3260 587 3308 141.
615 3279 682 3299 =
708 3253 759 3323 S.
786 3269 828 3307 2.
858 3258 905 3308 Ι.
932 3258 999 3307 ib.
1040 3258 1119 3322 Cf.
1143 3259 1278 3308 Plin.
1307 3259 1371 3308 N.
1400 3258 1472 3309 H.
1498 3269 1563 3320 33,
1592 3271 1633 3309 1.
1657 3270 1696 3309 3.
1736 3258 1882 3309 Serv.
1906 3260 1978 3307 ad
2008 3258 2189 3319 Virqil.

261 3327 445 3389 Geor-9,
470 3337 512 3389 3,
538 3335 628 3379 306.
675 3326 731 3375 L.
757 3337 793 3375 1.
831 3324 884 3388 S.
913 3338 953 3378 1.
990 3327 1054 3375 D.
1080 3328 1145 3376 de
1170 3334 1337 3376 contr.
1365 3333 1515 3390 empt.
1556 3325 1642 3389 (18,
1670 3326 1731 3384 1).
1770 3327 1836 3375 L.
1862 3337 1882 3373 1
1915 3340 1996 3387 pr.
2035 3325 2098 3371 D.
2126 3327 2190 3373 de

255 3409 367 3446 rer.
401 3409 560 3456 perm.
590 3392 681 3456 (19,
705 3392 768 3457 4).
811 3393 908 3443 Tit.
937 3394 1083 3456 Furf.
1119 3396 1171 3443 in
1200 3392 1354 3444 Orell.
1389 3393 1558 3442 Inscr.
1592 3393 1712 3441 Lat.
1750 3393 1876 3439 thesz
1904 3399 2019 3438 2488.
2046 3409 2113 3429 ==
2137 3390 2169 3437 I
2176 3423 2187 3435 .

255 3462 322 3520 L.
348 3462 416 3513 A.
444 3471 536 3522 603,
563 3471 626 3511 13.
664 3461 801 3511 verb.
828 3463 949 3521 quod
976 3469 1177 3525 emptum
1205 3464 1295 3511 erit
1319 3476 1427 3510 aere
1452 3466 1643 3519 argento
1668 3463 1765 3506 etc.
1812 3453 2024 3516 Romen]
2052 3455 2118 3508 Il.
2147 3466 2186 3518 7,

254 3538 512 3580 472—475.
