<?xml version="1.0" encoding="UTF-8"?>
<!DOCTYPE html PUBLIC "-//W3C//DTD XHTML 1.0 Transitional//EN"
    "http://www.w3.org/TR/xhtml1/DTD/xhtml1-transitional.dtd">
<html xmlns="http://www.w3.org/1999/xhtml" xml:lang="en" lang="en">
 <head>
  <title>
</title>
<meta http-equiv="Content-Type" content="text/html;charset=utf-8" />
  <meta name='ocr-system' content='tesseract 3.04.00' />
  <meta name='ocr-capabilities' content='ocr_page ocr_carea ocr_par ocr_line ocrx_word'/>
</head>
<body>
  <div class='ocr_page' id='page_1' title='image "./institutionumiu00gaiugoog_0027.png"; bbox 0 0 2546 3928; ppageno 0'>
   <div class='ocr_carea' id='block_1_1' title="bbox 1170 234 2215 288">
    <p class='ocr_par' dir='ltr' id='par_1_1' title="bbox 1170 234 2215 288">
     <span class='ocr_line' id='line_1_1' title="bbox 1170 234 2215 288; baseline 0.007 -7"><span class='ocrx_word' id='word_1_1' title='bbox 1170 247 1349 286; x_wconf 59' lang='lat' dir='ltr'>curs,</span> <span class='ocrx_word' id='word_1_2' title='bbox 2140 235 2173 288; x_wconf 80' lang='lat'>2</span> <span class='ocrx_word' id='word_1_3' title='bbox 2186 234 2215 288; x_wconf 94' lang='lat'>1</span> 
     </span>
    </p>
   </div>
   <div class='ocr_carea' id='block_1_2' title="bbox 167 367 2224 3339">
    <p class='ocr_par' dir='ltr' id='par_1_2' title="bbox 167 367 2224 1632">
     <span class='ocr_line' id='line_1_2' title="bbox 288 367 2222 430; baseline 0.001 -13"><span class='ocrx_word' id='word_1_4' title='bbox 288 368 438 418; x_wconf 87' lang='lat' dir='ltr'>curis</span> <span class='ocrx_word' id='word_1_5' title='bbox 485 367 742 417; x_wconf 81' lang='lat' dir='ltr'>effectum</span> <span class='ocrx_word' id='word_1_6' title='bbox 792 371 903 430; x_wconf 88' lang='lat' dir='ltr'>est,</span> <span class='ocrx_word' id='word_1_7' title='bbox 951 372 1013 417; x_wconf 83' lang='lat' dir='ltr'>ut</span> <span class='ocrx_word' id='word_1_8' title='bbox 1059 368 1165 417; x_wconf 88' lang='lat' dir='ltr'>iam</span> <span class='ocrx_word' id='word_1_9' title='bbox 1215 368 1272 416; x_wconf 92' lang='lat' dir='ltr'>in</span> <span class='ocrx_word' id='word_1_10' title='bbox 1319 372 1506 418; x_wconf 85' lang='lat' dir='ltr'>nostra</span> <span class='ocrx_word' id='word_1_11' title='bbox 1554 369 1793 419; x_wconf 81' lang='lat' dir='ltr'><strong>editione</strong></span> <span class='ocrx_word' id='word_1_12' title='bbox 1841 385 1949 420; x_wconf 90' lang='lat' dir='ltr'>non</span> <span class='ocrx_word' id='word_1_13' title='bbox 1991 369 2222 419; x_wconf 90' lang='lat' dir='ltr'>multum</span> 
     </span>
     <span class='ocr_line' id='line_1_3' title="bbox 286 434 2222 500; baseline 0.001 -16"><span class='ocrx_word' id='word_1_14' title='bbox 286 434 433 485; x_wconf 88' lang='lat' dir='ltr'>ultra</span> <span class='ocrx_word' id='word_1_15' title='bbox 478 435 841 485; x_wconf 81' lang='lat' dir='ltr'>tredecimam</span> <span class='ocrx_word' id='word_1_16' title='bbox 900 439 1112 500; x_wconf 85' lang='lat' dir='ltr'>partem</span> <span class='ocrx_word' id='word_1_17' title='bbox 1165 436 1367 499; x_wconf 83' lang='lat' dir='ltr'>integri</span> <span class='ocrx_word' id='word_1_18' title='bbox 1413 436 1593 500; x_wconf 89' lang='lat' dir='ltr'>operis</span> <span class='ocrx_word' id='word_1_19' title='bbox 1649 436 2010 500; x_wconf 81' lang='lat' dir='ltr'>desideretur,</span> <span class='ocrx_word' id='word_1_20' title='bbox 2068 439 2222 487; x_wconf 89' lang='lat' dir='ltr'>cuius</span> 
     </span>
     <span class='ocr_line' id='line_1_4' title="bbox 285 502 1992 567; baseline 0 -15"><span class='ocrx_word' id='word_1_21' title='bbox 285 503 536 553; x_wconf 87' lang='lat' dir='ltr'>iacturae</span> <span class='ocrx_word' id='word_1_22' title='bbox 576 518 755 567; x_wconf 86' lang='lat' dir='ltr'>paene</span> <span class='ocrx_word' id='word_1_23' title='bbox 793 502 1074 552; x_wconf 88' lang='lat' dir='ltr'>dimidium</span> <span class='ocrx_word' id='word_1_24' title='bbox 1113 507 1335 566; x_wconf 89' lang='lat' dir='ltr'>spectat</span> <span class='ocrx_word' id='word_1_25' title='bbox 1371 503 1441 552; x_wconf 89' lang='lat' dir='ltr'>ad</span> <span class='ocrx_word' id='word_1_26' title='bbox 1480 503 1676 554; x_wconf 89' lang='lat' dir='ltr'>librum</span> <span class='ocrx_word' id='word_1_27' title='bbox 1717 510 1992 567; x_wconf 89' lang='lat' dir='ltr'>quartum.</span> 
     </span>
     <span class='ocr_line' id='line_1_5' title="bbox 167 567 2223 689; baseline 0 -2"><span class='ocrx_word' id='word_1_28' title='bbox 167 567 253 636; x_wconf 65' lang='lat'>1⁹⁹³</span> <span class='ocrx_word' id='word_1_29' title='bbox 289 570 1770 689; x_wconf 43' lang='lat' dir='ltr'>...232213121-132329ins{Quassatam}</span> <span class='ocrx_word' id='word_1_30' title='bbox 1788 571 2223 688; x_wconf 37' lang='lat' dir='ltr'>&amp;aaran</span> 
     </span>
     <span class='ocr_line' id='line_1_6' title="bbox 630 656 2220 689; baseline 0.001 -2"><span class='ocrx_word' id='word_1_31' title='bbox 630 656 644 687; x_wconf 84' lang='lat'>1</span> <span class='ocrx_word' id='word_1_32' title='bbox 989 656 1004 686; x_wconf 85' lang='lat'><em>1</em></span> <span class='ocrx_word' id='word_1_33' title='bbox 1940 656 1959 688; x_wconf 88' lang='lat'><em>1</em></span> <span class='ocrx_word' id='word_1_34' title='bbox 2023 656 2039 689; x_wconf 86' lang='lat' dir='ltr'>l</span> <span class='ocrx_word' id='word_1_35' title='bbox 2205 666 2220 673; x_wconf 92' lang='lat'><strong>·</strong></span> 
     </span>
     <span class='ocr_line' id='line_1_7' title="bbox 287 653 2221 772; baseline 0.001 -18"><span class='ocrx_word' id='word_1_36' title='bbox 287 706 387 754; x_wconf 88' lang='lat' dir='ltr'>das</span> <span class='ocrx_word' id='word_1_37' title='bbox 424 705 554 756; x_wconf 84' lang='lat' dir='ltr'>Gaii</span> <span class='ocrx_word' id='word_1_38' title='bbox 578 706 969 756; x_wconf 82' lang='lat' dir='ltr'>Institutiones</span> <span class='ocrx_word' id='word_1_39' title='bbox 1000 653 1236 767; x_wconf 54' lang='lat' dir='ltr'>nicilum,</span> <span class='ocrx_word' id='word_1_40' title='bbox 1277 705 1655 771; x_wconf 88' lang='lat' dir='ltr'>Boeckingius</span> <span class='ocrx_word' id='word_1_41' title='bbox 1694 707 1935 756; x_wconf 85' lang='lat' dir='ltr'>confecit</span> <span class='ocrx_word' id='word_1_42' title='bbox 1971 707 2028 755; x_wconf 89' lang='lat' dir='ltr'>in</span> <span class='ocrx_word' id='word_1_43' title='bbox 2066 721 2221 772; x_wconf 88' lang='lat' dir='ltr'>prae-</span> 
     </span>
     <span class='ocr_line' id='line_1_8' title="bbox 287 771 2220 839; baseline 0.002 -17"><span class='ocrx_word' id='word_1_44' title='bbox 287 774 503 823; x_wconf 85' lang='lat' dir='ltr'>fatione</span> <span class='ocrx_word' id='word_1_45' title='bbox 549 789 685 824; x_wconf 89' lang='lat' dir='ltr'>suae</span> <span class='ocrx_word' id='word_1_46' title='bbox 732 774 1021 836; x_wconf 77' lang='lat' dir='ltr'>editionis,</span> <span class='ocrx_word' id='word_1_47' title='bbox 1081 788 1186 838; x_wconf 84' lang='lat' dir='ltr'>qua</span> <span class='ocrx_word' id='word_1_48' title='bbox 1233 778 1321 823; x_wconf 88' lang='lat' dir='ltr'>ter</span> <span class='ocrx_word' id='word_1_49' title='bbox 1365 774 1605 837; x_wconf 87' lang='lat' dir='ltr'>repetita</span> <span class='ocrx_word' id='word_1_50' title='bbox 1652 771 2020 839; x_wconf 87' lang='lat' dir='ltr'>(postremum</span> <span class='ocrx_word' id='word_1_51' title='bbox 2063 775 2220 838; x_wconf 84' lang='lat' dir='ltr'>Lips.</span> 
     </span>
     <span class='ocr_line' id='line_1_9' title="bbox 288 838 2217 906; baseline 0.001 -18"><span class='ocrx_word' id='word_1_52' title='bbox 288 838 459 903; x_wconf 83' lang='lat'>1855.)</span> <span class='ocrx_word' id='word_1_53' title='bbox 504 841 625 905; x_wconf 88' lang='lat' dir='ltr'>ipse</span> <span class='ocrx_word' id='word_1_54' title='bbox 674 840 741 891; x_wconf 89' lang='lat' dir='ltr'>de</span> <span class='ocrx_word' id='word_1_55' title='bbox 789 839 931 890; x_wconf 85' lang='lat' dir='ltr'>Gaio</span> <span class='ocrx_word' id='word_1_56' title='bbox 977 845 1030 890; x_wconf 85' lang='lat' dir='ltr'>et</span> <span class='ocrx_word' id='word_1_57' title='bbox 1076 840 1308 891; x_wconf 84' lang='lat' dir='ltr'>Gaianis</span> <span class='ocrx_word' id='word_1_58' title='bbox 1355 841 1552 890; x_wconf 86' lang='lat' dir='ltr'>studiis</span> <span class='ocrx_word' id='word_1_59' title='bbox 1596 843 1801 906; x_wconf 91' lang='lat' dir='ltr'>optime</span> <span class='ocrx_word' id='word_1_60' title='bbox 1848 843 2079 891; x_wconf 86' lang='lat' dir='ltr'>meritus</span> <span class='ocrx_word' id='word_1_61' title='bbox 2118 850 2217 890; x_wconf 88' lang='lat' dir='ltr'>est.</span> 
     </span>
     <span class='ocr_line' id='line_1_10' title="bbox 286 907 2221 974; baseline 0 -17"><span class='ocrx_word' id='word_1_62' title='bbox 286 907 442 969; x_wconf 79' lang='lat' dir='ltr'>Quae</span> <span class='ocrx_word' id='word_1_63' title='bbox 481 915 609 974; x_wconf 85' lang='lat' dir='ltr'>post</span> <span class='ocrx_word' id='word_1_64' title='bbox 645 908 789 959; x_wconf 86' lang='lat' dir='ltr'>hanc</span> <span class='ocrx_word' id='word_1_65' title='bbox 827 908 948 958; x_wconf 88' lang='lat' dir='ltr'>sola</span> <span class='ocrx_word' id='word_1_66' title='bbox 986 909 1208 973; x_wconf 87' lang='lat' dir='ltr'>prodiit,</span> <span class='ocrx_word' id='word_1_67' title='bbox 1243 911 1460 958; x_wconf 88' lang='lat' dir='ltr'>inserta</span> <span class='ocrx_word' id='word_1_68' title='bbox 1496 909 1933 960; x_wconf 80' lang='lat' dir='ltr'>‘Institutionum</span> <span class='ocrx_word' id='word_1_69' title='bbox 1972 914 2027 959; x_wconf 87' lang='lat' dir='ltr'>et</span> <span class='ocrx_word' id='word_1_70' title='bbox 2063 924 2221 972; x_wconf 88' lang='lat' dir='ltr'>regu-</span> 
     </span>
     <span class='ocr_line' id='line_1_11' title="bbox 287 976 2218 1042; baseline 0.001 -18"><span class='ocrx_word' id='word_1_71' title='bbox 287 976 465 1025; x_wconf 90' lang='lat' dir='ltr'>larum</span> <span class='ocrx_word' id='word_1_72' title='bbox 520 978 656 1026; x_wconf 89' lang='lat' dir='ltr'>iuris</span> <span class='ocrx_word' id='word_1_73' title='bbox 702 977 852 1030; x_wconf 86' lang='lat' dir='ltr'>Rom.</span> <span class='ocrx_word' id='word_1_74' title='bbox 902 977 1293 1042; x_wconf 85' lang='lat' dir='ltr'>syntagmati’,</span> <span class='ocrx_word' id='word_1_75' title='bbox 1354 993 1388 1025; x_wconf 87' lang='lat' dir='ltr'>a</span> <span class='ocrx_word' id='word_1_76' title='bbox 1434 976 1571 1027; x_wconf 83' lang='lat' dir='ltr'>Rud.</span> <span class='ocrx_word' id='word_1_77' title='bbox 1620 976 1822 1028; x_wconf 85' lang='lat' dir='ltr'>Gneist</span> <span class='ocrx_word' id='word_1_78' title='bbox 1865 977 2020 1042; x_wconf 87' lang='lat' dir='ltr'>Lips.</span> <span class='ocrx_word' id='word_1_79' title='bbox 2070 978 2218 1026; x_wconf 83' lang='lat'>1858.</span> 
     </span>
     <span class='ocr_line' id='line_1_12' title="bbox 282 1043 2220 1109; baseline 0 -17"><span class='ocrx_word' id='word_1_80' title='bbox 282 1043 454 1106; x_wconf 89' lang='lat' dir='ltr'>edito,</span> <span class='ocrx_word' id='word_1_81' title='bbox 493 1060 589 1108; x_wconf 88' lang='lat' dir='ltr'>pro</span> <span class='ocrx_word' id='word_1_82' title='bbox 628 1045 800 1095; x_wconf 87' lang='lat' dir='ltr'>totius</span> <span class='ocrx_word' id='word_1_83' title='bbox 836 1045 1210 1108; x_wconf 81' lang='lat' dir='ltr'>syntagmatis</span> <span class='ocrx_word' id='word_1_84' title='bbox 1230 1044 1456 1094; x_wconf 69' lang='lat' dir='ltr'>‘ratione</span> <span class='ocrx_word' id='word_1_85' title='bbox 1493 1046 1774 1109; x_wconf 83' lang='lat' dir='ltr'>ceteroqui</span> <span class='ocrx_word' id='word_1_86' title='bbox 1811 1059 1953 1094; x_wconf 87' lang='lat' dir='ltr'>novo</span> <span class='ocrx_word' id='word_1_87' title='bbox 1992 1060 2056 1094; x_wconf 92' lang='lat' dir='ltr'>ac</span> <span class='ocrx_word' id='word_1_88' title='bbox 2092 1060 2220 1094; x_wconf 89' lang='lat' dir='ltr'>con·</span> 
     </span>
     <span class='ocr_line' id='line_1_13' title="bbox 283 1110 2221 1178; baseline 0 -18"><span class='ocrx_word' id='word_1_89' title='bbox 283 1110 428 1161; x_wconf 87' lang='lat' dir='ltr'>sulto</span> <span class='ocrx_word' id='word_1_90' title='bbox 455 1111 686 1162; x_wconf 83' lang='lat' dir='ltr'>consilio</span> <span class='ocrx_word' id='word_1_91' title='bbox 713 1112 978 1174; x_wconf 88' lang='lat' dir='ltr'>instituti,</span> <span class='ocrx_word' id='word_1_92' title='bbox 1013 1112 1283 1162; x_wconf 89' lang='lat' dir='ltr'>lectiones</span> <span class='ocrx_word' id='word_1_93' title='bbox 1312 1113 1491 1177; x_wconf 84' lang='lat' dir='ltr'>magis</span> <span class='ocrx_word' id='word_1_94' title='bbox 1530 1113 1750 1177; x_wconf 86' lang='lat' dir='ltr'>(partim</span> <span class='ocrx_word' id='word_1_95' title='bbox 1776 1110 1944 1178; x_wconf 88' lang='lat' dir='ltr'>bene)</span> <span class='ocrx_word' id='word_1_96' title='bbox 1985 1111 2221 1162; x_wconf 85' lang='lat' dir='ltr'>selectas</span> 
     </span>
     <span class='ocr_line' id='line_1_14' title="bbox 188 1180 2223 1244; baseline 0 -16"><span class='ocrx_word' id='word_1_97' title='bbox 188 1202 201 1213; x_wconf 80' lang='lat'>-</span> <span class='ocrx_word' id='word_1_98' title='bbox 285 1188 448 1242; x_wconf 76' lang='lat' dir='ltr'>quam</span> <span class='ocrx_word' id='word_1_99' title='bbox 485 1194 658 1229; x_wconf 90' lang='lat' dir='ltr'>novas</span> <span class='ocrx_word' id='word_1_100' title='bbox 692 1184 965 1244; x_wconf 81' lang='lat' dir='ltr'>praestat.</span> <span class='ocrx_word' id='word_1_101' title='bbox 1025 1181 1109 1228; x_wconf 79' lang='lat' dir='ltr'>Ex</span> <span class='ocrx_word' id='word_1_102' title='bbox 1136 1180 1475 1244; x_wconf 83' lang='lat' dir='ltr'>superiorum</span> <span class='ocrx_word' id='word_1_103' title='bbox 1504 1180 1808 1230; x_wconf 86' lang='lat' dir='ltr'>editionum</span> <span class='ocrx_word' id='word_1_104' title='bbox 1843 1194 2069 1230; x_wconf 89' lang='lat' dir='ltr'>numero</span> <span class='ocrx_word' id='word_1_105' title='bbox 2107 1184 2223 1229; x_wconf 85' lang='lat' dir='ltr'>tres</span> 
     </span>
     <span class='ocr_line' id='line_1_15' title="bbox 287 1245 2220 1312; baseline 0 -17"><span class='ocrx_word' id='word_1_106' title='bbox 287 1245 743 1310; x_wconf 61' lang='lat' dir='ltr'>elcese-hemmae,</span> <span class='ocrx_word' id='word_1_107' title='bbox 794 1262 933 1312; x_wconf 88' lang='lat' dir='ltr'>quae</span> <span class='ocrx_word' id='word_1_108' title='bbox 973 1248 1174 1297; x_wconf 87' lang='lat' dir='ltr'>ceteris</span> <span class='ocrx_word' id='word_1_109' title='bbox 1213 1248 1481 1309; x_wconf 75' lang='lat' dir='ltr'>omnibuS,</span> <span class='ocrx_word' id='word_1_110' title='bbox 1531 1248 1741 1298; x_wconf 90' lang='lat' dir='ltr'>codicis</span> <span class='ocrx_word' id='word_1_111' title='bbox 1778 1248 2055 1311; x_wconf 83' lang='lat' dir='ltr'>scriptura</span> <span class='ocrx_word' id='word_1_112' title='bbox 2093 1246 2220 1296; x_wconf 87' lang='lat' dir='ltr'>dili·</span> 
     </span>
     <span class='ocr_line' id='line_1_16' title="bbox 283 1314 2219 1380; baseline 0 -18"><span class='ocrx_word' id='word_1_113' title='bbox 283 1318 487 1376; x_wconf 84' lang='lat' dir='ltr'>genter</span> <span class='ocrx_word' id='word_1_114' title='bbox 524 1320 772 1376; x_wconf 88' lang='lat' dir='ltr'>enotata,</span> <span class='ocrx_word' id='word_1_115' title='bbox 809 1316 970 1378; x_wconf 85' lang='lat' dir='ltr'>quasi</span> <span class='ocrx_word' id='word_1_116' title='bbox 1007 1314 1369 1366; x_wconf 85' lang='lat' dir='ltr'>fundamenta</span> <span class='ocrx_word' id='word_1_117' title='bbox 1403 1316 1610 1379; x_wconf 88' lang='lat' dir='ltr'>iecere,</span> <span class='ocrx_word' id='word_1_118' title='bbox 1650 1315 2036 1380; x_wconf 84' lang='lat' dir='ltr'>segregandae</span> <span class='ocrx_word' id='word_1_119' title='bbox 2075 1320 2219 1373; x_wconf 85' lang='lat' dir='ltr'>sunt,</span> 
     </span>
     <span class='ocr_line' id='line_1_17' title="bbox 281 1380 2224 1447; baseline 0.001 -18"><span class='ocrx_word' id='word_1_120' title='bbox 281 1382 538 1445; x_wconf 87' lang='lat' dir='ltr'>princeps</span> <span class='ocrx_word' id='word_1_121' title='bbox 573 1381 758 1431; x_wconf 90' lang='lat' dir='ltr'>Berol.</span> <span class='ocrx_word' id='word_1_122' title='bbox 799 1398 849 1431; x_wconf 88' lang='lat' dir='ltr'>a.</span> <span class='ocrx_word' id='word_1_123' title='bbox 892 1383 1039 1432; x_wconf 80' lang='lat'>1820.</span> <span class='ocrx_word' id='word_1_124' title='bbox 1077 1381 1378 1446; x_wconf 88' lang='lat' dir='ltr'>publicata,</span> <span class='ocrx_word' id='word_1_125' title='bbox 1416 1382 1613 1445; x_wconf 87' lang='lat' dir='ltr'>altera,</span> <span class='ocrx_word' id='word_1_126' title='bbox 1651 1398 1793 1447; x_wconf 91' lang='lat' dir='ltr'>quae</span> <span class='ocrx_word' id='word_1_127' title='bbox 1821 1380 2224 1434; x_wconf 84' lang='lat' dir='ltr'>difficilioribus</span> 
     </span>
     <span class='ocr_line' id='line_1_18' title="bbox 285 1448 2223 1512; baseline 0 -16"><span class='ocrx_word' id='word_1_128' title='bbox 285 1448 495 1497; x_wconf 87' lang='lat' dir='ltr'>codicis</span> <span class='ocrx_word' id='word_1_129' title='bbox 540 1449 678 1498; x_wconf 77' lang='lat' dir='ltr'>locis</span> <span class='ocrx_word' id='word_1_130' title='bbox 725 1464 758 1497; x_wconf 92' lang='lat' dir='ltr'>a</span> <span class='ocrx_word' id='word_1_131' title='bbox 794 1449 1012 1498; x_wconf 87' lang='lat' dir='ltr'>Blumio</span> <span class='ocrx_word' id='word_1_132' title='bbox 1057 1448 1236 1498; x_wconf 88' lang='lat' dir='ltr'>denuo</span> <span class='ocrx_word' id='word_1_133' title='bbox 1284 1451 1573 1512; x_wconf 86' lang='lat' dir='ltr'>inspectis,</span> <span class='ocrx_word' id='word_1_134' title='bbox 1617 1450 1735 1499; x_wconf 88' lang='lat' dir='ltr'>eius</span> <span class='ocrx_word' id='word_1_135' title='bbox 1782 1449 2003 1498; x_wconf 88' lang='lat' dir='ltr'>schedis</span> <span class='ocrx_word' id='word_1_136' title='bbox 2051 1449 2223 1497; x_wconf 85' lang='lat' dir='ltr'>ditata</span> 
     </span>
     <span class='ocr_line' id='line_1_19' title="bbox 228 1514 2222 1579; baseline -0.001 -14"><span class='ocrx_word' id='word_1_137' title='bbox 228 1560 235 1565; x_wconf 92' lang='lat'>.</span> <span class='ocrx_word' id='word_1_138' title='bbox 284 1514 495 1578; x_wconf 87' lang='lat' dir='ltr'>prodiit</span> <span class='ocrx_word' id='word_1_139' title='bbox 543 1530 593 1566; x_wconf 87' lang='lat' dir='ltr'>a.</span> <span class='ocrx_word' id='word_1_140' title='bbox 633 1517 801 1574; x_wconf 64' lang='lat'>1824„</span> <span class='ocrx_word' id='word_1_141' title='bbox 849 1520 905 1564; x_wconf 93' lang='lat' dir='ltr'>et</span> <span class='ocrx_word' id='word_1_142' title='bbox 952 1515 1138 1576; x_wconf 84' lang='lat' dir='ltr'>tertia,</span> <span class='ocrx_word' id='word_1_143' title='bbox 1185 1520 1314 1579; x_wconf 88' lang='lat' dir='ltr'>post</span> <span class='ocrx_word' id='word_1_144' title='bbox 1356 1515 1665 1566; x_wconf 84' lang='lat' dir='ltr'>Goescheni</span> <span class='ocrx_word' id='word_1_145' title='bbox 1711 1516 1919 1565; x_wconf 78' lang='lat' dir='ltr'>obitum</span> <span class='ocrx_word' id='word_1_146' title='bbox 1968 1530 2000 1564; x_wconf 89' lang='lat' dir='ltr'>a</span> <span class='ocrx_word' id='word_1_147' title='bbox 2045 1515 2222 1564; x_wconf 87' lang='lat' dir='ltr'>Lach-</span> 
     </span>
     <span class='ocr_line' id='line_1_20' title="bbox 285 1582 1313 1632; baseline 0.002 -2"><span class='ocrx_word' id='word_1_148' title='bbox 285 1596 491 1630; x_wconf 89' lang='lat' dir='ltr'>manno</span> <span class='ocrx_word' id='word_1_149' title='bbox 531 1597 578 1632; x_wconf 88' lang='lat' dir='ltr'>a.</span> <span class='ocrx_word' id='word_1_150' title='bbox 621 1582 769 1631; x_wconf 79' lang='lat'>1842.</span> <span class='ocrx_word' id='word_1_151' title='bbox 812 1587 1204 1632; x_wconf 85' lang='lat' dir='ltr'>consummata.</span> <span class='ocrx_word' id='word_1_152' title='bbox 1310 1588 1313 1591; x_wconf 86' lang='lat'>&#39;</span> 
     </span>
    </p>

    <p class='ocr_par' dir='ltr' id='par_1_3' title="bbox 280 1647 2221 2054">
     <span class='ocr_line' id='line_1_21' title="bbox 387 1647 2221 1715; baseline 0.001 -18"><span class='ocrx_word' id='word_1_153' title='bbox 387 1647 471 1697; x_wconf 85' lang='lat' dir='ltr'>Ad</span> <span class='ocrx_word' id='word_1_154' title='bbox 508 1654 821 1714; x_wconf 84' lang='lat' dir='ltr'>postremae</span> <span class='ocrx_word' id='word_1_155' title='bbox 862 1664 1103 1700; x_wconf 91' lang='lat' dir='ltr'>normam</span> <span class='ocrx_word' id='word_1_156' title='bbox 1138 1653 1333 1700; x_wconf 88' lang='lat' dir='ltr'>nostra</span> <span class='ocrx_word' id='word_1_157' title='bbox 1370 1665 1586 1715; x_wconf 90' lang='lat' dir='ltr'>quoque</span> <span class='ocrx_word' id='word_1_158' title='bbox 1625 1649 1789 1704; x_wconf 82' lang='lat' dir='ltr'>editio</span> <span class='ocrx_word' id='word_1_159' title='bbox 1826 1650 2084 1700; x_wconf 84' lang='lat' dir='ltr'>instituta</span> <span class='ocrx_word' id='word_1_160' title='bbox 2122 1654 2221 1712; x_wconf 87' lang='lat' dir='ltr'>est,</span> 
     </span>
     <span class='ocr_line' id='line_1_22' title="bbox 280 1716 2218 1787; baseline 0.001 -22"><span class='ocrx_word' id='word_1_161' title='bbox 280 1717 366 1765; x_wconf 84' lang='lat' dir='ltr'>ita</span> <span class='ocrx_word' id='word_1_162' title='bbox 404 1719 594 1766; x_wconf 87' lang='lat' dir='ltr'>tamen</span> <span class='ocrx_word' id='word_1_163' title='bbox 632 1721 692 1766; x_wconf 91' lang='lat' dir='ltr'>ut</span> <span class='ocrx_word' id='word_1_164' title='bbox 729 1717 893 1766; x_wconf 88' lang='lat' dir='ltr'>etiam</span> <span class='ocrx_word' id='word_1_165' title='bbox 931 1716 1389 1784; x_wconf 87' lang='lat' dir='ltr'>Boeckingianae</span> <span class='ocrx_word' id='word_1_166' title='bbox 1415 1719 1771 1780; x_wconf 84' lang='lat' dir='ltr'>novissimae,</span> <span class='ocrx_word' id='word_1_167' title='bbox 1809 1733 1953 1787; x_wconf 82' lang='lat' dir='ltr'>quae</span> <span class='ocrx_word' id='word_1_168' title='bbox 1980 1719 2218 1768; x_wconf 89' lang='lat' dir='ltr'>omnium</span> 
     </span>
     <span class='ocr_line' id='line_1_23' title="bbox 280 1784 2220 1848; baseline 0.001 -16"><span class='ocrx_word' id='word_1_169' title='bbox 280 1784 519 1834; x_wconf 81' lang='lat' dir='ltr'>maxime</span> <span class='ocrx_word' id='word_1_170' title='bbox 567 1784 902 1846; x_wconf 86' lang='lat' dir='ltr'>celebratur,</span> <span class='ocrx_word' id='word_1_171' title='bbox 948 1785 1093 1835; x_wconf 88' lang='lat' dir='ltr'>ratio</span> <span class='ocrx_word' id='word_1_172' title='bbox 1141 1785 1459 1837; x_wconf 83' lang='lat' dir='ltr'>haberetur.</span> <span class='ocrx_word' id='word_1_173' title='bbox 1528 1786 1647 1836; x_wconf 89' lang='lat' dir='ltr'>Nec</span> <span class='ocrx_word' id='word_1_174' title='bbox 1692 1792 1878 1837; x_wconf 89' lang='lat' dir='ltr'>tamen</span> <span class='ocrx_word' id='word_1_175' title='bbox 1918 1788 2118 1848; x_wconf 85' lang='lat' dir='ltr'>omnia,</span> <span class='ocrx_word' id='word_1_176' title='bbox 2164 1788 2220 1835; x_wconf 89' lang='lat' dir='ltr'>in</span> 
     </span>
     <span class='ocr_line' id='line_1_24' title="bbox 284 1851 2220 1915; baseline 0.001 -15"><span class='ocrx_word' id='word_1_177' title='bbox 284 1851 484 1915; x_wconf 87' lang='lat' dir='ltr'>quibus</span> <span class='ocrx_word' id='word_1_178' title='bbox 510 1853 581 1902; x_wconf 91' lang='lat' dir='ltr'>ab</span> <span class='ocrx_word' id='word_1_179' title='bbox 605 1852 695 1902; x_wconf 90' lang='lat' dir='ltr'>his</span> <span class='ocrx_word' id='word_1_180' title='bbox 720 1853 1057 1903; x_wconf 84' lang='lat' dir='ltr'>editionibus</span> <span class='ocrx_word' id='word_1_181' title='bbox 1088 1853 1518 1910; x_wconf 85' lang='lat' dir='ltr'>deflecteremus,</span> <span class='ocrx_word' id='word_1_182' title='bbox 1555 1853 1613 1902; x_wconf 89' lang='lat' dir='ltr'>in</span> <span class='ocrx_word' id='word_1_183' title='bbox 1649 1855 1797 1904; x_wconf 90' lang='lat' dir='ltr'>notis</span> <span class='ocrx_word' id='word_1_184' title='bbox 1836 1853 2220 1904; x_wconf 52' lang='lat' dir='ltr'>indicavimus</span> 
     </span>
     <span class='ocr_line' id='line_1_25' title="bbox 282 1919 2220 1986; baseline 0.001 -16"><span class='ocrx_word' id='word_1_185' title='bbox 282 1919 530 1971; x_wconf 85' lang='lat' dir='ltr'>Chartae</span> <span class='ocrx_word' id='word_1_186' title='bbox 579 1920 912 1985; x_wconf 86' lang='lat' dir='ltr'>parcendum</span> <span class='ocrx_word' id='word_1_187' title='bbox 957 1925 1088 1971; x_wconf 89' lang='lat' dir='ltr'>erat.</span> <span class='ocrx_word' id='word_1_188' title='bbox 1158 1921 1357 1986; x_wconf 86' lang='lat' dir='ltr'>Itaque</span> <span class='ocrx_word' id='word_1_189' title='bbox 1411 1921 1673 1985; x_wconf 85' lang='lat' dir='ltr'>levicula,</span> <span class='ocrx_word' id='word_1_190' title='bbox 1728 1937 1832 1986; x_wconf 88' lang='lat' dir='ltr'>quo</span> <span class='ocrx_word' id='word_1_191' title='bbox 1887 1922 1941 1971; x_wconf 89' lang='lat' dir='ltr'>in</span> <span class='ocrx_word' id='word_1_192' title='bbox 1998 1936 2220 1972; x_wconf 89' lang='lat' dir='ltr'>numero</span> 
     </span>
     <span class='ocr_line' id='line_1_26' title="bbox 282 1988 2219 2054; baseline 0 -17"><span class='ocrx_word' id='word_1_193' title='bbox 282 1988 518 2037; x_wconf 82' lang='lat' dir='ltr'>maxime</span> <span class='ocrx_word' id='word_1_194' title='bbox 567 1989 639 2037; x_wconf 90' lang='lat' dir='ltr'>ad</span> <span class='ocrx_word' id='word_1_195' title='bbox 686 1988 1133 2053; x_wconf 83' lang='lat' dir='ltr'>orthographiam</span> <span class='ocrx_word' id='word_1_196' title='bbox 1179 1989 1522 2054; x_wconf 87' lang='lat' dir='ltr'>pertinentia</span> <span class='ocrx_word' id='word_1_197' title='bbox 1568 1994 1713 2051; x_wconf 89' lang='lat' dir='ltr'>sunt,</span> <span class='ocrx_word' id='word_1_198' title='bbox 1760 1993 1932 2039; x_wconf 87' lang='lat' dir='ltr'>tacite</span> <span class='ocrx_word' id='word_1_199' title='bbox 1980 1989 2219 2038; x_wconf 87' lang='lat' dir='ltr'>correxi·-</span> 
     </span>
    </p>

    <p class='ocr_par' dir='ltr' id='par_1_4' title="bbox 214 2056 2222 3339">
     <span class='ocr_line' id='line_1_27' title="bbox 214 2056 2221 2126; baseline 0 -21"><span class='ocrx_word' id='word_1_200' title='bbox 214 2103 221 2110; x_wconf 77' lang='grc'><em>,</em></span> <span class='ocrx_word' id='word_1_201' title='bbox 282 2063 418 2114; x_wconf 64' lang='lat' dir='ltr'>mm,</span> <span class='ocrx_word' id='word_1_202' title='bbox 466 2056 557 2116; x_wconf 74' lang='lat' dir='ltr'>vel</span> <span class='ocrx_word' id='word_1_203' title='bbox 597 2056 738 2126; x_wconf 80' lang='lat' dir='ltr'>quod</span> <span class='ocrx_word' id='word_1_204' title='bbox 785 2056 843 2106; x_wconf 79' lang='lat' dir='ltr'>ih</span> <span class='ocrx_word' id='word_1_205' title='bbox 890 2072 948 2105; x_wconf 90' lang='lat' dir='ltr'>re</span> <span class='ocrx_word' id='word_1_206' title='bbox 997 2061 1290 2121; x_wconf 83' lang='lat' dir='ltr'>tantopere</span> <span class='ocrx_word' id='word_1_207' title='bbox 1336 2056 1406 2105; x_wconf 88' lang='lat' dir='ltr'>ab</span> <span class='ocrx_word' id='word_1_208' title='bbox 1456 2056 1685 2105; x_wconf 88' lang='lat' dir='ltr'>arbitrio</span> <span class='ocrx_word' id='word_1_209' title='bbox 1723 2057 2001 2121; x_wconf 82' lang='lat' dir='ltr'>pendente</span> <span class='ocrx_word' id='word_1_210' title='bbox 2039 2056 2221 2105; x_wconf 90' lang='lat' dir='ltr'>dicere</span> 
     </span>
     <span class='ocr_line' id='line_1_28' title="bbox 280 2124 2220 2187; baseline 0.001 -16"><span class='ocrx_word' id='word_1_211' title='bbox 280 2127 556 2187; x_wconf 86' lang='lat' dir='ltr'>praestat,</span> <span class='ocrx_word' id='word_1_212' title='bbox 607 2124 959 2174; x_wconf 84' lang='lat' dir='ltr'>mutavimus,</span> <span class='ocrx_word' id='word_1_213' title='bbox 1031 2124 1336 2174; x_wconf 88' lang='lat' dir='ltr'>Praeterea</span> <span class='ocrx_word' id='word_1_214' title='bbox 1383 2126 1440 2173; x_wconf 91' lang='lat' dir='ltr'>in</span> <span class='ocrx_word' id='word_1_215' title='bbox 1492 2128 1758 2174; x_wconf 88' lang='lat' dir='ltr'>contextu</span> <span class='ocrx_word' id='word_1_216' title='bbox 1803 2124 2007 2174; x_wconf 83' lang='lat' dir='ltr'>litteris</span> <span class='ocrx_word' id='word_1_217' title='bbox 2055 2124 2220 2175; x_wconf 83' lang='lat' dir='ltr'>rectis</span> 
     </span>
     <span class='ocr_line' id='line_1_29' title="bbox 281 2191 2222 2257; baseline 0.001 -17"><span class='ocrx_word' id='word_1_218' title='bbox 281 2192 674 2255; x_wconf 75' lang='lat' dir='ltr'>expressimu8‚</span> <span class='ocrx_word' id='word_1_219' title='bbox 723 2207 864 2256; x_wconf 86' lang='lat' dir='ltr'>quae</span> <span class='ocrx_word' id='word_1_220' title='bbox 909 2192 969 2240; x_wconf 92' lang='lat' dir='ltr'>in</span> <span class='ocrx_word' id='word_1_221' title='bbox 1007 2191 1194 2242; x_wconf 88' lang='lat' dir='ltr'>codice</span> <span class='ocrx_word' id='word_1_222' title='bbox 1243 2191 1522 2257; x_wconf 89' lang='lat' dir='ltr'>leguntur,</span> <span class='ocrx_word' id='word_1_223' title='bbox 1560 2192 1865 2253; x_wconf 84' lang='lat' dir='ltr'>inclinatis,</span> <span class='ocrx_word' id='word_1_224' title='bbox 1914 2207 2054 2256; x_wconf 86' lang='lat' dir='ltr'>quae</span> <span class='ocrx_word' id='word_1_225' title='bbox 2094 2207 2222 2257; x_wconf 88' lang='lat' dir='ltr'>sup-</span> 
     </span>
     <span class='ocr_line' id='line_1_30' title="bbox 276 2258 2215 2326; baseline 0.001 -20"><span class='ocrx_word' id='word_1_226' title='bbox 276 2258 434 2323; x_wconf 86' lang='lat' dir='ltr'>pleta</span> <span class='ocrx_word' id='word_1_227' title='bbox 471 2258 562 2309; x_wconf 91' lang='lat' dir='ltr'>vel</span> <span class='ocrx_word' id='word_1_228' title='bbox 600 2263 813 2310; x_wconf 85' lang='lat' dir='ltr'>mutata</span> <span class='ocrx_word' id='word_1_229' title='bbox 848 2263 994 2313; x_wconf 88' lang='lat' dir='ltr'>sunt.</span> <span class='ocrx_word' id='word_1_230' title='bbox 1057 2258 1330 2311; x_wconf 85' lang='lat' dir='ltr'>Stellulae</span> <span class='ocrx_word' id='word_1_231' title='bbox 1359 2259 1588 2310; x_wconf 89' lang='lat' dir='ltr'>totidem</span> <span class='ocrx_word' id='word_1_232' title='bbox 1614 2259 1933 2326; x_wconf 87' lang='lat' dir='ltr'>significant</span> <span class='ocrx_word' id='word_1_233' title='bbox 1970 2260 2215 2322; x_wconf 84' lang='lat' dir='ltr'>litteras,</span> 
     </span>
     <span class='ocr_line' id='line_1_31' title="bbox 279 2325 2217 2392; baseline 0 -17"><span class='ocrx_word' id='word_1_234' title='bbox 279 2326 474 2387; x_wconf 82' lang='lat' dir='ltr'>lineae,</span> <span class='ocrx_word' id='word_1_235' title='bbox 514 2327 561 2375; x_wconf 89' lang='lat' dir='ltr'>si</span> <span class='ocrx_word' id='word_1_236' title='bbox 598 2326 882 2377; x_wconf 88' lang='lat' dir='ltr'>breviores</span> <span class='ocrx_word' id='word_1_237' title='bbox 919 2330 1064 2389; x_wconf 89' lang='lat' dir='ltr'>sunt,</span> <span class='ocrx_word' id='word_1_238' title='bbox 1104 2325 1351 2392; x_wconf 82' lang='lat' dir='ltr'>syllabas</span> <span class='ocrx_word' id='word_1_239' title='bbox 1377 2330 1540 2377; x_wconf 89' lang='lat' dir='ltr'>trium</span> <span class='ocrx_word' id='word_1_240' title='bbox 1575 2328 1692 2378; x_wconf 82' lang='lat' dir='ltr'>fere</span> <span class='ocrx_word' id='word_1_241' title='bbox 1731 2328 2065 2390; x_wconf 86' lang='lat' dir='ltr'>litterarum,</span> <span class='ocrx_word' id='word_1_242' title='bbox 2101 2326 2217 2375; x_wconf 91' lang='lat' dir='ltr'>lon·</span> 
     </span>
     <span class='ocr_line' id='line_1_32' title="bbox 280 2393 2219 2459; baseline 0.001 -17"><span class='ocrx_word' id='word_1_243' title='bbox 280 2393 467 2458; x_wconf 85' lang='lat' dir='ltr'>giores</span> <span class='ocrx_word' id='word_1_244' title='bbox 504 2395 835 2459; x_wconf 87' lang='lat' dir='ltr'>interposito</span> <span class='ocrx_word' id='word_1_245' title='bbox 864 2410 914 2445; x_wconf 89' lang='lat' dir='ltr'>v.</span> <span class='ocrx_word' id='word_1_246' title='bbox 940 2399 1087 2444; x_wconf 89' lang='lat' dir='ltr'>totos</span> <span class='ocrx_word' id='word_1_247' title='bbox 1122 2409 1337 2456; x_wconf 77' lang='lat' dir='ltr'>versuS,</span> <span class='ocrx_word' id='word_1_248' title='bbox 1376 2396 1470 2459; x_wconf 89' lang='lat' dir='ltr'>qui</span> <span class='ocrx_word' id='word_1_249' title='bbox 1506 2410 1609 2445; x_wconf 88' lang='lat' dir='ltr'>nec</span> <span class='ocrx_word' id='word_1_250' title='bbox 1644 2395 1760 2459; x_wconf 89' lang='lat' dir='ltr'>legi</span> <span class='ocrx_word' id='word_1_251' title='bbox 1797 2411 1901 2446; x_wconf 86' lang='lat' dir='ltr'>nec</span> <span class='ocrx_word' id='word_1_252' title='bbox 1937 2399 2057 2443; x_wconf 89' lang='lat' dir='ltr'>tuto</span> <span class='ocrx_word' id='word_1_253' title='bbox 2096 2409 2219 2457; x_wconf 89' lang='lat' dir='ltr'>sup-</span> 
     </span>
     <span class='ocr_line' id='line_1_33' title="bbox 277 2460 2222 2526; baseline -0.001 -17"><span class='ocrx_word' id='word_1_254' title='bbox 277 2460 420 2525; x_wconf 90' lang='lat' dir='ltr'>pleri</span> <span class='ocrx_word' id='word_1_255' title='bbox 466 2466 775 2525; x_wconf 87' lang='lat' dir='ltr'>potuerunt.</span> <span class='ocrx_word' id='word_1_256' title='bbox 846 2462 912 2511; x_wconf 91' lang='lat' dir='ltr'>In</span> <span class='ocrx_word' id='word_1_257' title='bbox 959 2461 1203 2525; x_wconf 86' lang='lat' dir='ltr'>margine</span> <span class='ocrx_word' id='word_1_258' title='bbox 1252 2466 1523 2512; x_wconf 82' lang='lat' dir='ltr'>exteriore</span> <span class='ocrx_word' id='word_1_259' title='bbox 1572 2462 1814 2526; x_wconf 85' lang='lat' dir='ltr'>paginas</span> <span class='ocrx_word' id='word_1_260' title='bbox 1859 2465 2073 2510; x_wconf 87' lang='lat' dir='ltr'>tantum</span> <span class='ocrx_word' id='word_1_261' title='bbox 2113 2465 2222 2524; x_wconf 85' lang='lat' dir='ltr'>pri·</span> 
     </span>
     <span class='ocr_line' id='line_1_34' title="bbox 277 2527 2220 2593; baseline 0 -16"><span class='ocrx_word' id='word_1_262' title='bbox 277 2528 457 2578; x_wconf 86' lang='lat' dir='ltr'>mitivi</span> <span class='ocrx_word' id='word_1_263' title='bbox 505 2528 728 2592; x_wconf 84' lang='lat' dir='ltr'>codicis,</span> <span class='ocrx_word' id='word_1_264' title='bbox 787 2544 927 2593; x_wconf 89' lang='lat' dir='ltr'>quae</span> <span class='ocrx_word' id='word_1_265' title='bbox 975 2533 1289 2592; x_wconf 87' lang='lat' dir='ltr'>supersunt,</span> <span class='ocrx_word' id='word_1_266' title='bbox 1336 2529 1774 2591; x_wconf 87' lang='lat' dir='ltr'>numeravimus;</span> <span class='ocrx_word' id='word_1_267' title='bbox 1822 2528 2021 2592; x_wconf 88' lang='lat' dir='ltr'>quibus</span> <span class='ocrx_word' id='word_1_268' title='bbox 2067 2527 2220 2577; x_wconf 82' lang='lat' dir='ltr'>addi-</span> 
     </span>
     <span class='ocr_line' id='line_1_35' title="bbox 276 2594 2218 2661; baseline 0.001 -18"><span class='ocrx_word' id='word_1_269' title='bbox 276 2602 394 2645; x_wconf 87' lang='lat' dir='ltr'>tum</span> <span class='ocrx_word' id='word_1_270' title='bbox 434 2600 494 2650; x_wconf 82' lang='lat' dir='ltr'>‘t.</span> <span class='ocrx_word' id='word_1_271' title='bbox 519 2601 586 2646; x_wconf 79' lang='lat'>8.&#39;</span> <span class='ocrx_word' id='word_1_272' title='bbox 625 2601 848 2661; x_wconf 86' lang='lat' dir='ltr'>spectat</span> <span class='ocrx_word' id='word_1_273' title='bbox 872 2595 943 2645; x_wconf 88' lang='lat' dir='ltr'>ad</span> <span class='ocrx_word' id='word_1_274' title='bbox 972 2600 1055 2644; x_wconf 85' lang='lat' dir='ltr'>ter</span> <span class='ocrx_word' id='word_1_275' title='bbox 1080 2596 1319 2660; x_wconf 85' lang='lat' dir='ltr'>scriptas</span> <span class='ocrx_word' id='word_1_276' title='bbox 1356 2594 1727 2657; x_wconf 76' lang='lat' dir='ltr'>(Goeschenoz</span> <span class='ocrx_word' id='word_1_277' title='bbox 1766 2596 1850 2646; x_wconf 90' lang='lat' dir='ltr'>bis</span> <span class='ocrx_word' id='word_1_278' title='bbox 1876 2594 2218 2661; x_wconf 86' lang='lat' dir='ltr'>rescriptas).</span> 
     </span>
     <span class='ocr_line' id='line_1_36' title="bbox 276 2662 2222 2728; baseline 0.001 -17"><span class='ocrx_word' id='word_1_279' title='bbox 276 2663 462 2712; x_wconf 82' lang='lat' dir='ltr'>Etiam</span> <span class='ocrx_word' id='word_1_280' title='bbox 510 2679 705 2714; x_wconf 87' lang='lat' dir='ltr'>versus</span> <span class='ocrx_word' id='word_1_281' title='bbox 752 2662 959 2713; x_wconf 89' lang='lat' dir='ltr'>codicis</span> <span class='ocrx_word' id='word_1_282' title='bbox 999 2662 1364 2727; x_wconf 85' lang='lat' dir='ltr'>distinguere,</span> <span class='ocrx_word' id='word_1_283' title='bbox 1410 2664 1519 2713; x_wconf 87' lang='lat' dir='ltr'>nisi</span> <span class='ocrx_word' id='word_1_284' title='bbox 1556 2662 1652 2713; x_wconf 88' lang='lat' dir='ltr'>ubi</span> <span class='ocrx_word' id='word_1_285' title='bbox 1687 2663 1975 2728; x_wconf 88' lang='lat' dir='ltr'>intererat,</span> <span class='ocrx_word' id='word_1_286' title='bbox 2018 2664 2075 2713; x_wconf 93' lang='lat' dir='ltr'>id</span> <span class='ocrx_word' id='word_1_287' title='bbox 2114 2671 2222 2725; x_wconf 87' lang='lat' dir='ltr'>est,</span> 
     </span>
     <span class='ocr_line' id='line_1_37' title="bbox 276 2730 2221 2797; baseline 0.001 -17"><span class='ocrx_word' id='word_1_288' title='bbox 276 2730 375 2780; x_wconf 88' lang='lat' dir='ltr'>ubi</span> <span class='ocrx_word' id='word_1_289' title='bbox 429 2745 574 2783; x_wconf 81' lang='lat' dir='ltr'>nova</span> <span class='ocrx_word' id='word_1_290' title='bbox 619 2731 889 2796; x_wconf 87' lang='lat' dir='ltr'>quaedam</span> <span class='ocrx_word' id='word_1_291' title='bbox 937 2730 1008 2780; x_wconf 88' lang='lat' dir='ltr'>ad</span> <span class='ocrx_word' id='word_1_292' title='bbox 1063 2730 1389 2781; x_wconf 88' lang='lat' dir='ltr'>schedarum</span> <span class='ocrx_word' id='word_1_293' title='bbox 1445 2731 1644 2783; x_wconf 88' lang='lat' dir='ltr'>ductus</span> <span class='ocrx_word' id='word_1_294' title='bbox 1701 2732 2101 2797; x_wconf 85' lang='lat' dir='ltr'>supplevimus,</span> <span class='ocrx_word' id='word_1_295' title='bbox 2162 2739 2221 2781; x_wconf 85' lang='lat' dir='ltr'>ut</span> 
     </span>
     <span class='ocr_line' id='line_1_38' title="bbox 276 2798 2218 2865; baseline 0 -18"><span class='ocrx_word' id='word_1_296' title='bbox 276 2798 512 2848; x_wconf 89' lang='lat' dir='ltr'>otiosum</span> <span class='ocrx_word' id='word_1_297' title='bbox 552 2814 658 2849; x_wconf 85' lang='lat' dir='ltr'>non</span> <span class='ocrx_word' id='word_1_298' title='bbox 695 2799 921 2865; x_wconf 81' lang='lat' dir='ltr'>placuit.</span> <span class='ocrx_word' id='word_1_299' title='bbox 974 2799 1039 2848; x_wconf 91' lang='lat' dir='ltr'>In</span> <span class='ocrx_word' id='word_1_300' title='bbox 1079 2798 1277 2849; x_wconf 86' lang='lat' dir='ltr'>critica</span> <span class='ocrx_word' id='word_1_301' title='bbox 1312 2798 1671 2851; x_wconf 86' lang='lat' dir='ltr'>adnotatione</span> <span class='ocrx_word' id='word_1_302' title='bbox 1706 2801 1853 2865; x_wconf 88' lang='lat' dir='ltr'>ipsos</span> <span class='ocrx_word' id='word_1_303' title='bbox 1892 2799 2218 2849; x_wconf 87' lang='lat' dir='ltr'>schedarum</span> 
     </span>
     <span class='ocr_line' id='line_1_39' title="bbox 278 2865 2217 2932; baseline 0.001 -17"><span class='ocrx_word' id='word_1_304' title='bbox 278 2865 476 2916; x_wconf 85' lang='lat' dir='ltr'>ductus</span> <span class='ocrx_word' id='word_1_305' title='bbox 514 2871 935 2932; x_wconf 88' lang='lat' dir='ltr'>repraesentare</span> <span class='ocrx_word' id='word_1_306' title='bbox 974 2867 1136 2917; x_wconf 87' lang='lat' dir='ltr'>initio</span> <span class='ocrx_word' id='word_1_307' title='bbox 1171 2869 1597 2930; x_wconf 79' lang='lat' dir='ltr'>constitueram3</span> <span class='ocrx_word' id='word_1_308' title='bbox 1638 2868 1733 2917; x_wconf 85' lang='lat' dir='ltr'>sed</span> <span class='ocrx_word' id='word_1_309' title='bbox 1772 2883 1895 2917; x_wconf 82' lang='lat' dir='ltr'>mox</span> <span class='ocrx_word' id='word_1_310' title='bbox 1932 2866 2217 2917; x_wconf 85' lang='lat' dir='ltr'>consilium</span> 
     </span>
     <span class='ocr_line' id='line_1_40' title="bbox 275 2932 2216 3001; baseline 0.001 -20"><span class='ocrx_word' id='word_1_311' title='bbox 275 2932 629 2985; x_wconf 83' lang='lat' dir='ltr'>difficultatis</span> <span class='ocrx_word' id='word_1_312' title='bbox 683 2934 907 2999; x_wconf 88' lang='lat' dir='ltr'>plenum</span> <span class='ocrx_word' id='word_1_313' title='bbox 961 2934 1143 2983; x_wconf 89' lang='lat' dir='ltr'>abieci</span> <span class='ocrx_word' id='word_1_314' title='bbox 1196 2935 1429 2985; x_wconf 82' lang='lat' dir='ltr'>maxime</span> <span class='ocrx_word' id='word_1_315' title='bbox 1485 2937 1774 3001; x_wconf 77' lang='lat' dir='ltr'>postquam</span> <span class='ocrx_word' id='word_1_316' title='bbox 1837 2934 2216 2999; x_wconf 87' lang='lat' dir='ltr'>animadverti,</span> 
     </span>
     <span class='ocr_line' id='line_1_41' title="bbox 275 3000 2215 3067; baseline 0.001 -17"><span class='ocrx_word' id='word_1_317' title='bbox 275 3015 438 3064; x_wconf 90' lang='lat' dir='ltr'>quam</span> <span class='ocrx_word' id='word_1_318' title='bbox 485 3002 627 3052; x_wconf 90' lang='lat' dir='ltr'>male</span> <span class='ocrx_word' id='word_1_319' title='bbox 675 3002 732 3051; x_wconf 87' lang='lat' dir='ltr'>id</span> <span class='ocrx_word' id='word_1_320' title='bbox 778 3001 1121 3066; x_wconf 85' lang='lat' dir='ltr'>Boeckingio</span> <span class='ocrx_word' id='word_1_321' title='bbox 1179 3000 1428 3066; x_wconf 86' lang='lat' dir='ltr'>quamvis</span> <span class='ocrx_word' id='word_1_322' title='bbox 1481 3002 1912 3067; x_wconf 88' lang='lat' dir='ltr'>diligentissimo</span> <span class='ocrx_word' id='word_1_323' title='bbox 1968 3005 2215 3054; x_wconf 83' lang='lat' dir='ltr'>cesserit.</span> 
     </span>
     <span class='ocr_line' id='line_1_42' title="bbox 273 3069 2215 3136; baseline 0.001 -18"><span class='ocrx_word' id='word_1_324' title='bbox 273 3070 470 3133; x_wconf 88' lang='lat' dir='ltr'>ltaque</span> <span class='ocrx_word' id='word_1_325' title='bbox 516 3069 624 3119; x_wconf 84' lang='lat' dir='ltr'>hac</span> <span class='ocrx_word' id='word_1_326' title='bbox 669 3075 830 3135; x_wconf 85' lang='lat' dir='ltr'>parte</span> <span class='ocrx_word' id='word_1_327' title='bbox 876 3069 1222 3119; x_wconf 87' lang='lat' dir='ltr'>Lachmanni</span> <span class='ocrx_word' id='word_1_328' title='bbox 1271 3069 1443 3120; x_wconf 88' lang='lat' dir='ltr'>editio</span> <span class='ocrx_word' id='word_1_329' title='bbox 1491 3070 1742 3120; x_wconf 86' lang='lat' dir='ltr'>adeunda</span> <span class='ocrx_word' id='word_1_330' title='bbox 1791 3075 1890 3121; x_wconf 88' lang='lat' dir='ltr'>est.</span> <span class='ocrx_word' id='word_1_331' title='bbox 1959 3071 2215 3136; x_wconf 88' lang='lat' dir='ltr'>Denique</span> 
     </span>
     <span class='ocr_line' id='line_1_43' title="bbox 274 3137 2219 3202; baseline -0.001 -16"><span class='ocrx_word' id='word_1_332' title='bbox 274 3151 308 3186; x_wconf 83' lang='lat' dir='ltr'>a</span> <span class='ocrx_word' id='word_1_333' title='bbox 345 3137 494 3187; x_wconf 87' lang='lat' dir='ltr'>notis</span> <span class='ocrx_word' id='word_1_334' title='bbox 533 3137 746 3187; x_wconf 86' lang='lat' dir='ltr'>criticis</span> <span class='ocrx_word' id='word_1_335' title='bbox 795 3137 1055 3199; x_wconf 87' lang='lat' dir='ltr'>locorum,</span> <span class='ocrx_word' id='word_1_336' title='bbox 1107 3137 1305 3202; x_wconf 88' lang='lat' dir='ltr'>quibus</span> <span class='ocrx_word' id='word_1_337' title='bbox 1351 3139 1618 3202; x_wconf 88' lang='lat' dir='ltr'>cuiusque</span> <span class='ocrx_word' id='word_1_338' title='bbox 1666 3138 1717 3199; x_wconf 77' lang='lat' dir='ltr'>§i</span> <span class='ocrx_word' id='word_1_339' title='bbox 1766 3138 2045 3189; x_wconf 86' lang='lat' dir='ltr'>sententia</span> <span class='ocrx_word' id='word_1_340' title='bbox 2091 3139 2219 3188; x_wconf 87' lang='lat' dir='ltr'>illu-</span> 
     </span>
     <span class='ocr_line' id='line_1_44' title="bbox 272 3204 2216 3271; baseline 0.001 -19"><span class='ocrx_word' id='word_1_341' title='bbox 272 3209 510 3264; x_wconf 85' lang='lat' dir='ltr'>stratur,</span> <span class='ocrx_word' id='word_1_342' title='bbox 558 3204 952 3255; x_wconf 87' lang='lat' dir='ltr'>indicationem</span> <span class='ocrx_word' id='word_1_343' title='bbox 999 3218 1259 3270; x_wconf 81' lang='lat' dir='ltr'>separare</span> <span class='ocrx_word' id='word_1_344' title='bbox 1309 3204 1546 3271; x_wconf 89' lang='lat' dir='ltr'>placuit,</span> <span class='ocrx_word' id='word_1_345' title='bbox 1605 3206 1734 3271; x_wconf 86' lang='lat' dir='ltr'>quia</span> <span class='ocrx_word' id='word_1_346' title='bbox 1782 3222 1849 3256; x_wconf 88' lang='lat' dir='ltr'>ea</span> <span class='ocrx_word' id='word_1_347' title='bbox 1895 3204 2111 3256; x_wconf 86' lang='lat' dir='ltr'>ratione</span> <span class='ocrx_word' id='word_1_348' title='bbox 2157 3206 2216 3253; x_wconf 91' lang='lat' dir='ltr'>in</span> 
     </span>
     <span class='ocr_line' id='line_1_45' title="bbox 271 3271 1507 3339; baseline 0.002 -18"><span class='ocrx_word' id='word_1_349' title='bbox 271 3271 377 3322; x_wconf 90' lang='lat' dir='ltr'>hoc</span> <span class='ocrx_word' id='word_1_350' title='bbox 416 3272 683 3339; x_wconf 86' lang='lat' dir='ltr'>scriptore</span> <span class='ocrx_word' id='word_1_351' title='bbox 723 3272 906 3337; x_wconf 86' lang='lat' dir='ltr'>spatio</span> <span class='ocrx_word' id='word_1_352' title='bbox 949 3272 1158 3322; x_wconf 88' lang='lat' dir='ltr'>consuli</span> <span class='ocrx_word' id='word_1_353' title='bbox 1194 3272 1507 3324; x_wconf 85' lang='lat' dir='ltr'>videbatur.</span> 
     </span>
    </p>
   </div>
   <div class='ocr_carea' id='block_1_3' title="bbox 268 3454 2220 3659">
    <p class='ocr_par' dir='ltr' id='par_1_5' title="bbox 268 3454 2220 3659">
     <span class='ocr_line' id='line_1_46' title="bbox 374 3454 2216 3518; baseline -0.003 -10"><span class='ocrx_word' id='word_1_354' title='bbox 374 3457 573 3508; x_wconf 85' lang='lat' dir='ltr'>Gaium</span> <span class='ocrx_word' id='word_1_355' title='bbox 608 3464 672 3509; x_wconf 87' lang='lat' dir='ltr'>ut</span> <span class='ocrx_word' id='word_1_356' title='bbox 708 3457 816 3508; x_wconf 85' lang='lat' dir='ltr'>hac</span> <span class='ocrx_word' id='word_1_357' title='bbox 853 3458 1036 3508; x_wconf 87' lang='lat' dir='ltr'>altera</span> <span class='ocrx_word' id='word_1_358' title='bbox 1063 3457 1305 3508; x_wconf 87' lang='lat' dir='ltr'>editione</span> <span class='ocrx_word' id='word_1_359' title='bbox 1343 3461 1729 3518; x_wconf 88' lang='lat' dir='ltr'>retractarem,</span> <span class='ocrx_word' id='word_1_360' title='bbox 1769 3454 2005 3503; x_wconf 83' lang='lat' dir='ltr'>maxime</span> <span class='ocrx_word' id='word_1_361' title='bbox 2037 3467 2216 3503; x_wconf 85' lang='lat' dir='ltr'>novae</span> 
     </span>
     <span class='ocr_line' id='line_1_47' title="bbox 269 3518 2220 3591; baseline -0.004 -16"><span class='ocrx_word' id='word_1_362' title='bbox 269 3525 606 3591; x_wconf 88' lang='lat' dir='ltr'>Boeckingii</span> <span class='ocrx_word' id='word_1_363' title='bbox 643 3542 810 3577; x_wconf 87' lang='lat' dir='ltr'>curae</span> <span class='ocrx_word' id='word_1_364' title='bbox 849 3528 907 3575; x_wconf 91' lang='lat' dir='ltr'>in</span> <span class='ocrx_word' id='word_1_365' title='bbox 946 3540 1117 3575; x_wconf 88' lang='lat' dir='ltr'>causa</span> <span class='ocrx_word' id='word_1_366' title='bbox 1154 3524 1397 3585; x_wconf 84' lang='lat' dir='ltr'>fuerunt,</span> <span class='ocrx_word' id='word_1_367' title='bbox 1437 3526 1529 3588; x_wconf 90' lang='lat' dir='ltr'>qui</span> <span class='ocrx_word' id='word_1_368' title='bbox 1569 3529 1625 3572; x_wconf 87' lang='lat' dir='ltr'>et</span> <span class='ocrx_word' id='word_1_369' title='bbox 1664 3524 1817 3585; x_wconf 86' lang='lat' dir='ltr'>ipsas</span> <span class='ocrx_word' id='word_1_370' title='bbox 1848 3518 2094 3567; x_wconf 84' lang='lat' dir='ltr'>Gaianas</span> <span class='ocrx_word' id='word_1_371' title='bbox 2130 3519 2220 3568; x_wconf 87' lang='lat' dir='ltr'>ln-</span> 
     </span>
     <span class='ocr_line' id='line_1_48' title="bbox 268 3584 2216 3659; baseline -0.006 -16"><span class='ocrx_word' id='word_1_372' title='bbox 268 3593 595 3645; x_wconf 86' lang='lat' dir='ltr'>stitutiones</span> <span class='ocrx_word' id='word_1_373' title='bbox 633 3596 882 3659; x_wconf 88' lang='lat' dir='ltr'>quintum</span> <span class='ocrx_word' id='word_1_374' title='bbox 923 3591 1095 3642; x_wconf 87' lang='lat' dir='ltr'>edidit</span> <span class='ocrx_word' id='word_1_375' title='bbox 1131 3595 1184 3639; x_wconf 87' lang='lat' dir='ltr'>et</span> <span class='ocrx_word' id='word_1_376' title='bbox 1220 3591 1598 3654; x_wconf 85' lang='lat' dir='ltr'>apographum</span> <span class='ocrx_word' id='word_1_377' title='bbox 1639 3587 1851 3636; x_wconf 88' lang='lat' dir='ltr'>codicis</span> <span class='ocrx_word' id='word_1_378' title='bbox 1877 3584 2216 3633; x_wconf 84' lang='lat' dir='ltr'>Veronensis</span> 
     </span>
    </p>
   </div>
  </div>
 </body>
</html>
