2546 3928
306 214 307 217 Ἴ
387 217 467 275 52
975 231 1095 265 Gan
1131 231 1323 268 ussum.
1362 217 1405 266 1.
1445 219 1741 268 124-128.

283 365 367 415 33.

290 2144 370 2191 34.

388 358 815 426 constituuntur,
847 354 981 412 adeo
1007 355 1242 429 quidem,
1275 364 1333 410 ut
1359 354 1422 410 ab
1446 372 1532 426 eo,
1563 358 1715 412 ouius
1739 357 1792 411 in
1815 356 2081 428 mancipio
2122 353 2133 428 Ι
2171 367 2335 427 sunt,

384 457 563 515 neque
594 438 947 496 hereditatem
978 456 1154 514 neque
1185 440 1364 514 legata
1394 439 1550 495 aliter
1578 455 1773 513 capere
1803 444 2041 513 possint,
2085 456 2246 514 quam
2281 444 2334 497 si

386 524 549 583 simul
594 524 783 581 eodem
827 533 1155 581 testamento
1186 523 1342 580 liberi
1374 540 1494 579 esse
1523 523 1825 593 iubeantur,
1869 526 2030 580 sicuti
2072 526 2207 580 iuris
2239 534 2334 582 est

386 613 439 666 in
472 623 705 685 persona
736 624 1040 665 seruorum.
1089 608 1185 665 sed
1216 608 1548 665 diffeoentiae
1579 610 1717 665 ratio
1740 608 2032 664 manifesta
2064 617 2166 679 est,
2201 627 2332 666 cum

389 713 417 750 a
448 694 762 768 parentibus
784 702 889 750 eta
911 691 1472 768 coemptionatoribus
1502 692 1692 749 iisdem
1718 693 1899 749 uerbis
1924 694 2189 766 mancipio
2222 695 2330 750 ’ac-

387 771 709 853 cipiontun¹
736 778 931 853 quibus
954 780 1130 846 serui3
1153 778 1300 852 quod
1319 794 1429 833 non
1451 776 1702 833 similiter
1723 778 1764 849 f
1768 779 1810 832 it
1839 779 1894 833 in
1922 774 2332 850 coemptione.2

511 861 643 922 m.
694 863 977 920 Videamus
1000 878 1162 931 nunc„
1196 862 1400 936 quibus
1422 864 1600 919 modis
1627 865 1682 931 ii,
1718 866 1820 935 qui
1845 862 2032 919 alieno
2053 865 2163 919 iuvi
2190 866 2329 921 sub-

386 951 513 1005 iecti
545 956 693 1018 sunt,
723 963 789 1004 eo
818 949 938 1003 iure
969 946 1287 1003 liberentur.

512 1030 641 1089 125.
690 1034 775 1087 Ac
805 1033 962 1105 prius
1001 1031 1068 1086 de
1111 1032 1194 1087 his
1226 1032 1589 1105 dispiciamus,
1634 1033 1727 1105 qui
1766 1033 1822 1087 in
1855 1039 2134 1105 potestate
2175 1043 2327 1089 sunt.

386 1114 517 1175 126.
563 1115 628 1171 Et
660 1116 875 1191 quidem
916 1120 1078 1173 serui
1110 1115 1569 1189 quemadmodum
1606 1122 1893 1188 potestate
1931 1112 2328 1174 dominorum3

385 1204 728 1271 liberentur,
760 1217 840 1256 eoe
861 1202 952 1258 his
972 1204 1306 1275 ·intetle9ere
1329 1217 1637 1274 possumuS,
1671 1216 1812 1274 quae
1842 1200 1908 1257 de
1939 1203 2112 1257 seruis
2137 1218 2325 1257 manu-

387 1286 675 1343 mittendis
713 1287 967 1358 superius
1009 1286 1392 1359 exposuimus
1503 1282 1627 1343 12¹7.
1685 1284 1750 1340 Hi
1794 1300 1948 1356 uero,
1990 1287 2083 1358 qui
2125 1289 2184 1342 in
2215 1305 2326 1358 po-

388 1377 596 1428 testate
617 1374 891 1442 parentis
921 1378 1074 1437 sunt,
1107 1378 1332 1426 mortuo
1364 1385 1429 1426 eo
1458 1373 1552 1426 sui
1576 1373 1725 1426 iuris
1749 1372 1915 1440 siunt.
1973 1371 2078 1426 sed
2104 1370 2214 1427 Itoo
2233 1375 2329 1427 -di-

389 1457 737 1512 stinctionem
779 1455 998 1529 recipit3
1054 1470 1175 1511 nam
1218 1461 1442 1510 mortuo
1470 1460 1647 1525 patre
1687 1469 1832 1509 sane
1874 1454 2184 1511 omnimodo
2229 1455 2327 1512 filii

390 1539 602 1597 filiaeue
634 1541 718 1595 sui
746 1540 881 1596 int-is
912 1537 1265 1602 erimantum
1307 1548 1523 1594 mortuo
1555 1554 1689 1595 ueto
1729 1555 1833 1595 auo
1863 1556 1979 1595 non
2010 1543 2328 1598 omnimodo

391 1632 632 1697 nepotes
673 1632 988 1698 neptesque
1029 1626 1112 1680 sui
1144 1627 1290 1680 itm's
1317 1626 1479 1693 fiunt,
1524 1625 1629 1680 sed
1665 1624 1746 1678 ita
1789 1617 2078 1696 'demum‚³
2121 1628 2172 1681 si
2195 1634 2329 1696 post

390 1716 628 1766 mortem
659 1713 763 1764 aui
799 1710 854 1763 in
895 1711 1065 1782 patris
1106 1711 1191 1763 sui
1220 1714 1547 1780 potestatem
1588 1709 1830 1764 recasuri
1866 1725 1977 1763 non
2005 1716 2157 1765 sunt.
2218 1714 2329 1766 ita-

389 1809 496 1866 que
536 1794 584 1847 si
624 1796 900 1848 moriente
941 1796 1053 1846 ἀιιο
1091 1798 1267 1863 pater
1308 1805 1504 1847 eorum
1548 1800 1602 1847 et
1641 1794 1807 1849 uiuat
1849 1796 1904 1849 et
1944 1797 2004 1849 in
2039 1802 2330 1864 potestate

389 1877 558 1950 patris
584 1876 767 1947 fuerit,
792 1884 923 1932 tuno
941 1882 1070 1949 post
1093 1877 1301 1932 obitum
1325 1879 1428 1930 aui
1453 1877 1509 1931 in
1533 1885 1808 1950 potestate
1829 1882 2009 1950 patris
2032 1882 2125 1934 sui
2148 1881 2299 1950 fiunt
2313 1905 2329 1942 ;

389 1967 441 2018 si
468 1977 610 2019 uero
639 1964 710 2033 is,
753 1975 863 2035 quo
904 1961 1154 2035 tempore
1196 1977 1337 2017 auus
1375 1962 1627 2034 moritur,
1671 1971 1774 2019 aut
1814 1967 1928 2019 iam
1955 1970 2215 2020 mortuus
2245 1974 2332 2022 est

391 2054 493 2103 aut
524 2050 666 2105 exiit
693 2049 763 2104 de
786 2051 1077 2119 'potestate
1095 2050 1314 2121 patria,
1347 2053 1485 2102 ttmc
1509 2048 1587 2119 hi,
1619 2051 1756 2117 quia
1780 2048 1834 2102 in
1860 2055 2186 2119 potestatem
2211 2052 2330 2105 eius
2352 2052 2460 2119 [131]

391 2132 584 2188 cadere
608 2147 718 2188 non
745 2141 999 2205 possunt,
1026 2133 1117 2186 sui
1145 2131 1279 2185 iuris
1311 2128 1464 2186 fiunt.
1547 2126 1677 2187 128.
1724 2130 1855 2186 Cum
1887 2125 1893 2208 Ι
1921 2140 2097 2188 autem
2128 2133 2196 2204 is,
2240 2136 2331 2190 cui

393 2216 461 2272 ob
493 2215 710 2288 aliquod
743 2213 1064 2271 maleficium
1093 2214 1177 2269 'ex
1206 2208 1370 2288 lege4
1411 2216 1627 2288 poenali
1658 2231 1796 2290 aqua
1825 2225 1879 2271 et
1908 2217 2022 2289 igni
2053 2217 2332 2273 interdici-

392 2310 503 2369 tur,
547 2300 820 2354 ciuitatem
851 2298 1143 2354 Romanam
1185 2299 1425 2369 amittat,
1468 2301 1737 2373 sequitur,
1769 2307 1830 2354 ut
1854 2294 2044 2373 quia5.
2066 2316 2131 2356 eo
2163 2302 2329 2359 modo

392 2401 457 2438 ex
487 2398 715 2438 numero
760 2383 956 2438 ciuium
985 2382 1352 2439 Romanorum
1384 2382 1619 2456 tollitur,
1660 2385 1890 2458 proinde
1921 2401 1982 2440 ac
2012 2394 2229 2442 mortuo
2262 2402 2329 2443 eo

391 2469 641 2524 desinant
684 2466 841 2523 liberi
883 2468 936 2524 in
980 2475 1254 2542 potestate
1285 2469 1400 2524 eius
1430 2483 1579 2524 esse:
1619 2485 1723 2525 neo
1752 2470 1894 2525 enim
1923 2470 2062 2526 ratio
2102 2472 2332 2542 patitur,

393 2561 453 2609 ut
483 2553 803 2627 peregrinae
844 2552 1178 2609 condicionis
1223 2553 1386 2609 homo
1432 2554 1606 2610 ciuem
1634 2552 1931 2609 Romanum
1962 2555 2016 2608 in
2051 2562 2333 2626 potestate

391 2637 604 2693 habeat.
653 2639 771 2710 pari
795 2639 1006 2693 ratione
1037 2644 1095 2694 et
1123 2639 1169 2693 si
1201 2638 1272 2710 ei,
1306 2639 1398 2711 qui
1423 2639 1476 2693 in
1496 2645 1771 2712 potestate
1793 2639 2034 2711 parentis
2061 2638 2159 2709 sit,
2191 2655 2331 2712 aqua

394 2730 450 2776 et
487 2720 604 2794 igni
649 2718 997 2777 interdictum
1039 2722 1228 2793 fuerit,
1271 2722 1466 2778 desinit
1508 2719 1562 2776 i'n
1603 2729 1876 2795 potestate
1916 2724 2155 2795 parentis
2187 2739 2327 2795 esse,

388 2890 500 2951 pite
528 2887 842 2948 deminuitur,
864 2887 962 2935 sed
978 2886 1202 2935 serunem
1222 2887 1555 2936 condicionem
1581 2893 1705 2950 aput
1730 2890 2206 2952 comptionatonem
2231 2904 2331 2940 non

390 2957 621 3018 ponitur,-
652 2969 679 3004 e
714 2951 962 3019 diver-'so’
1002 2969 1073 3003 ex
1098 2952 1315 3005 Laetum.
1354 2954 1424 3016 ej.
1459 2955 1542 3003 ed.
1577 2954 1679 3018 By.
1750 2951 1792 3019 ¹)
1829 2956 2127 3020 accipiuntur
2163 2956 2230 3005 0.·
2243 2958 2328 3007 ed.

394 3021 495 3086 By.
564 3020 609 3085 ²)
637 3022 730 3071 Ex
758 3022 940 3071 Goeele.
968 3022 1051 3073 ed.
1074 3031 1117 3072 2.
1141 3022 1361 3074 restitui.
1432 3020 1471 3083 ³)
1497 3021 1590 3071 Eae
1606 3023 1689 3071 ed.
1709 3021 1811 3087 By.
1832 3032 1873 3075 5.
1900 3024 2097 3073 addidi.
2167 3021 2212 3089 ⁴¹)
2239 3024 2333 3075 Ex

395 3088 463 3205 Οᾶ
476 3090 644 3204 eZBgJ.
670 3090 752 3141 ed.
776 3098 819 3138 5.
853 3090 956 3149 lege
988 3103 1171 3138 errore
1190 3103 1307 3138 mea
1330 3101 1368 3142 1.
1463 3087 1505 3153 5)
1542 3088 1634 3139 Ex
1661 3089 1843 3139 Go'sole.
1869 3092 1984 3141 edd.
2015 3104 2054 3142 1.
2080 3101 2123 3140 2.
2162 3094 2241 3156 qui
2270 3092 2328 3143 Ο.

393 3171 422 3205 e
463 3192 475 3205 .
549 3171 600 3219 9.

396 3317 462 3367 18,
487 3317 528 3357 6.
554 3308 688 3357 unde
714 3315 952 3372 apparet,
979 3310 1220 3374 quosdam
1243 3324 1474 3372 uxorem,
1533 3324 1630 3359 uae
1652 3303 2009 3373 coemptionem
2029 3310 2251 3372 fecerat,
2280 3315 2332 3361 tu

395 3392 544 3426 manu
568 3381 620 3426 et
641 3379 893 3440 mancipio
927 3378 1027 3427 viri
1054 3389 1170 3427 esee
1193 3378 1411 3427 dixisse.
1521 3417 1533 3430 .
1560 3377 1675 3426 124.
1703 3395 1771 3418 a·
1791 3393 1874 3440 pr.
1899 3377 1947 3430 Ι.
1973 3377 2107 3442 quib.
2132 3379 2268 3429 mod.
2293 3382 2331 3430 ι’.

394 3450 505 3507 pot.
540 3446 664 3495 solo.
702 3441 766 3507 (1,
792 3443 882 3509 ιε).
983 3440 1036 3511 §-
1074 3445 1187 3499 125.
1225 3444 1307 3507 Cf.
1335 3438 1436 3511 §ss.
1453 3455 1509 3494 :13
1540 3460 1598 3494 se
1635 3479 1648 3493 .
1741 3442 1800 3511 ’9.
1828 3445 2033 3494 1:26.-==·
2055 3461 2138 3509 pr.
2170 3445 2220 3499 Ι.
2249 3449 2332 3496 cit.

396 3507 469 3626 §m
488 3512 602 3566 127.
637 3529 704 3553 ¹³-
734 3529 816 3576 pr.
853 3511 902 3566 Ι.
936 3513 1021 3562 et‘t.
1072 3512 1151 3574 Cf.
1189 3512 1307 3576 Ulp.
1344 3525 1411 3575 10,
1447 3524 1484 3562 2.
1630 3549 1640 3559 .
1671 3513 1782 3562 128.
1817 3529 1884 3555 =
1918 3506 1969 3578 S.
1998 3525 2036 3561 1.
2063 3512 2110 3561 Ι.
2136 3514 2206 3563 ib.
2250 3514 2331 3577 Cf.

465 3595 521 3641 p.
549 3590 613 3637 10,
639 3590 680 3630 3.
1604 3620 1612 3627 .
