2546 3928
876 276 989 311 Gan
1024 277 1209 312 ms‘rrr.
1249 265 1292 313 1.
1332 264 1567 315 81—85.
2101 263 2181 320 43

245 409 306 455 et
336 400 541 455 luniani
573 400 868 458 conubium
896 402 1041 457 inter
1070 417 1163 458 eos
1195 401 1331 473 dari,
1364 410 1418 457 et
1450 419 1664 477 semper
1687 403 1974 459 conubium
1999 401 2185 478 efficit,

248 493 313 539 ut
345 485 437 557 qui
467 486 728 557 nascitur,
758 486 925 558 patris
951 485 1255 542 condicioni
1280 485 1529 556 accedat3
1562 486 1719 542 aliter
1742 504 1872 543 uero
1905 496 2183 544 contracto

253 569 598 624 matrimonio
639 585 782 640 eum,
831 572 922 642 qui
965 571 1226 641 nascitur,
1268 573 1389 626 iure
1418 572 1664 644 gentium
1702 572 1884 627 matris
1916 571 2185 627 condicio—

250 670 374 708 nem
407 655 592 726 sequi:
636 661 691 709 at
731 653 888 711 ’uero
917 655 1082 711 hodie
1112 657 1256 712 nihil
1287 659 1557 724 interest3
1598 649 1732 712 sed¹
1776 656 1883 713 hoc
1923 657 2041 710 iure
2085 657 2187 711 uti·

251 755 394 808 mur,
427 737 591 810 'quod
624 746 677 794 et
707 732 1224 795 senatusconsulto²
1267 748 1490 795 auctore
1522 739 1650 796 diuo
1682 739 1949 796 Hadriano
1980 739 2186 814 signifi-

249 832 428 892 catur,
471 829 532 876 ut
564 825 876 880 omnimodo
908 840 970 879 ex
1001 823 1194 879 Latino
1228 832 1283 879 et
1313 825 1432 880 ciue
1462 823 1697 880 Romana
1729 832 1886 880 natus
1918 824 2051 880 ciuis
2081 823 2185 879 Ro·

249 922 442 961 manus
473 915 746 964 nascatur.
833 903 927 963 81.
972 909 1081 964 His
1114 909 1513 966 conuenienter
1553 912 1724 965 etiam
1761 908 1896 965 illud
1938 915 2184 964 senatus-

249 989 503 1047 consulto
546 991 676 1047 diuo
708 985 1012 1053 Hadriano3
1057 1001 1280 1050 auctore
1320 991 1677 1067 significatur,
1720 1002 1781 1050 ut
1815 1009 1878 1049 ex
1907 991 2101 1048 Latino
2132 1001 2187 1050 et

246 1075 557 1149 pereminet,
598 1077 726 1132 item
772 1084 960 1133 contra
990 1093 1067 1153 ex
1097 1079 1388 1151 peregrino
1432 1085 1488 1134 et
1516 1078 1726 1135 Latina
1770 1082 1870 1151 qui
1900 1081 2183 1144 nascitur,

246 1160 437 1214 matris
479 1159 853 1216 condicionem
896 1168 1172 1235 sequatur.
1271 1157 1368 1218 82.
1421 1162 1560 1219 Illud
1603 1179 1821 1236 quoque
1861 1163 1944 1219 his
1985 1178 2186 1218 conue-

248 1244 406 1299 niens
437 1252 543 1316 est‚
578 1244 724 1318 quod
756 1261 820 1301 ex
852 1245 1046 1301 ancilla
1078 1255 1131 1302 et
1159 1246 1332 1302 libero
1364 1249 1479 1303 iure
1510 1249 1753 1321 gentium
1781 1258 1979 1303 >seruus
2009 1248 2183 1302 nasci-

247 1337 356 1398 tur,
403 1337 458 1384 et
502 1345 567 1384 ex
609 1328 774 1384 libera
806 1339 860 1386 et
891 1346 1053 1387 seruo
1084 1330 1221 1386 liber
1250 1331 1509 1388 nascitur.
1596 1326 1695 1388 83.
1742 1330 2185 1389 Animaduertere

246 1421 426 1467 tamen
465 1412 748 1486 dehemm,
789 1429 857 1468 ne
897 1415 1029 1469 iuris
1073 1416 1316 1488 gentium
1358 1415 1603 1489 regulam
1642 1415 1728 1471 uel
1766 1419 1854 1472 lex
1886 1415 2063 1488 aliqua
2095 1414 2183 1470 uel

247 1495 400 1568 quod
425 1496 568 1568 legis
586 1497 762 1551 uicem
787 1498 1020 1570 optinet,
1052 1498 1232 1570 aliquo
1259 1515 1384 1554 casu
1407 1501 1842 1554 eommutauerit.
1917 1496 2017 1554 84.
2048 1498 2184 1554 Ecce

247 1580 395 1634 enim
428 1594 493 1633 ex
524 1579 1003 1635 senatusconsulto
1031 1579 1324 1637 Claudiano
1354 1588 1569 1654 poterat
1600 1583 1733 1638 ciuis
1757 1580 2014 1648 Romana,
2046 1598 2184 1655 quae

245 1662 430 1717 alieno
463 1678 634 1718 seruo
669 1663 890 1719 uolente
921 1663 1140 1720 domino
1174 1666 1289 1720 eius
1321 1667 1473 1737 coiit,
1498 1667 1610 1739 ipsa
1644 1683 1708 1721 ex
1737 1667 1989 1739 pactione
2019 1665 2182 1721 libera

243 1763 586 1820 permanere,
619 1748 716 1804 sed
747 1763 965 1804 seruum
998 1765 1318 1822 procreare3
1354 1767 1473 1805 nam
1506 1751 1651 1823 quod
1683 1751 1827 1806 inter
1856 1767 1971 1806 eam
2003 1757 2057 1806 et
2087 1750 2182 1806 do-

246 1832 447 1886 minum
481 1832 639 1887 istius
669 1834 817 1888 serui
840 1835 1178 1905 conuenerit,
1211 1827 1333 1892 ’eo4
1363 1835 1838 1892 senatusconsulto
1863 1843 2037 1892 ratum
2062 1851 2181 1892 esse

241 1915 478 1975 iubetur.
541 1916 636 1973 sed
680 1925 873 1991 postea
915 1915 1428 1990 diuus‘Hadriaan
1469 1921 1755 1994 iniquitate
1799 1924 1885 1977 rei
1920 1928 1975 1977 et
2016 1921 2181 1977 inele-

245 2001 431 2073 gantia
476 2002 607 2058 iuris
649 2011 851 2074 motus,
894 2003 1137 2059 restituit
1177 2005 1312 2059 iuris
1342 1998 1605 2079 genitium
1645 2004 1911 2078 regulam,
1953 2012 2017 2059 ut
2058 2016 2285 2076 cum‚23.

246 2087 357 2157 ipsa
384 2083 580 2141 mulier
602 2085 771 2143 libera
793 2095 1127 2160 permaneat,
1160 2087 1387 2143 liborum
1411 2090 1602 2161 pariat.
1678 2085 1775 2146 85.
1805 2087 1966 2144 ’Item
2000 2104 2031 2144 e
2057 2089 2181 2161 leye

105 2178 224 2235 [122]
249 2163 497 2224 Lcetina⁵
526 2186 596 2225 ex
628 2170 818 2228 ancilla
852 2179 906 2227 et
937 2170 1106 2227 libero
1138 2180 1395 2245 poterant
1424 2171 1592 2228 liberi
1618 2173 1795 2241 nasci3
1827 2188 1948 2227 nam
1974 2188 2033 2227 ea
2060 2170 2182 2245 lege

381 2365 429 2432 ¹)
454 2369 545 2419 Eae
570 2370 778 2419 Luc-lim.
806 2371 877 2432 ej,
901 2384 1024 2420 uero
1052 2370 1194 2420 hodie
1219 2372 1345 2421 ciuis
1364 2371 1617 2422 Romanus
1643 2379 1738 2428 esu
1765 2373 1954 2421 seilicet
1978 2373 2057 2423 ed.
2079 2371 2179 2436 By.

240 2434 285 2498 ²)
338 2451 391 2485 ex
425 2438 833 2488 senatusconsulto
869 2454 916 2503 q.
955 2437 1018 2498 (i.
1045 2453 1089 2487 e.
1117 2437 1272 2503 quod)
1312 2439 1367 2491 C.
1416 2456 1467 2489 ex
1502 2440 1910 2489 senatusconsulto
1935 2455 2026 2502 quo
2062 2440 2179 2491 edd.

239 2502 377 2552 Mihi
397 2504 554 2568 igitur
574 2506 891 2570 transposita
913 2506 1112 2554 videtur
1136 2512 1258 2555 nota
1284 2522 1329 2570 q.
1389 2504 1431 2568 ³)
1470 2521 1493 2554 s
1520 2507 1613 2568 (=
1633 2507 1956 2554 sacratissimo
1980 2504 2181 2566 Go‘sck‚)

239 2571 322 2620 hie
345 2570 588 2622 librarius
607 2574 782 2637 posuit
815 2587 886 2621 εει·
921 2587 1124 2633 errore,
1160 2580 1215 2621 ut
1235 2579 1376 2635 puto,
1411 2575 1509 2621 iam
1534 2573 1782 2635 incipiens
1805 2586 1973 2621 vocem
1996 2571 2180 2633 signifi-

242 2647 404 2695 catui-3
432 2655 590 2703 quare
616 2642 773 2690 omisi.
860 2636 903 2703 ⁴)
943 2655 996 2687 ex
1023 2638 1078 2691 Ο.
1109 2640 1227 2688 edd.
1316 2639 1354 2700 ⁵)
1394 2640 1624 2692 Restitui.
1660 2639 1935 2689 Librarius
1958 2638 2039 2689 hie
2059 2654 2181 2703 spa·

241 2707 361 2755 tium
387 2714 626 2770 quattuor
649 2710 934 2757 litterarum
958 2708 1177 2771 reliquit,
1216 2708 1355 2772 quod
1375 2708 1582 2771 explevi
1606 2707 1798 2759 ‘Item’.
1835 2707 2035 2757 Deinde
2058 2723 2178 2758 vero

239 2778 308 2822 ‘e.
334 2774 366 2825 l.
397 2772 575 2823 latina’
611 2775 673 2825 ob
697 2775 1069 2825 similitudinem
1093 2789 1201 2823 cum
1223 2777 1457 2841 sequenti
1482 2791 1534 2826 ex
1560 2778 1733 2827 ancilla
1765 2774 1923 2838 facile
1949 2777 2179 2825 omittere

232 2842 420 2905 potuit.
455 2841 642 2907 Legem
667 2844 794 2892 enim
820 2842 951 2892 hanc
976 2842 1250 2893 Romanam
1276 2859 1375 2894 non
1396 2844 1578 2905 fuisse,
1613 2851 1838 2909 apparet
1864 2850 1962 2892 tam
1987 2858 2057 2892 ex
2074 2844 2179 2904 fine

240 2924 388 2974 quam
414 2924 484 2959 ea:
508 2911 653 2961 initio
678 2908 736 2973 Si
757 2919 824 2963 86.
859 2912 1044 2960 collato
1083 2926 1187 2959 eum
1214 2909 1313 2964 Sc.
1345 2911 1637 2964 Claudiano.
1678 2910 1848 2975 (Quod
1868 2926 1966 2959 non
1992 2924 2178 2960 curans

236 2978 495 3041 supplevit
529 2978 722 3027 ‘Etiam
766 2981 874 3041 Ieye
910 2978 1063 3028 Aelia
1098 2977 1303 3028 Sentia’
1337 2977 1439 3043 By.
1474 2980 1556 3029 ed.
1582 2977 1646 3041 5.)
1691 2978 1869 3043 Neque
1902 2993 2022 3028 vero
2050 2979 2179 3029 alius

233 3045 419 3108 populi
444 3047 713 3109 pereyrini
742 3048 898 3109 leyem
939 3045 1293 3109 Vespasianus
1325 3047 1481 3107 facile
1514 3052 1771 3107 mutasset,
1805 3045 1892 3111 qui
1922 3054 2103 3096 eontra
2126 3047 2178 3096 in

236 3114 349 3160 iure
374 3112 674 3163 Latinorum
704 3120 891 3163 tantum
914 3114 1182 3171 innovavit,
1207 3121 1262 3162 ut
1288 3115 1375 3178 qui
1395 3120 1513 3164 ante
1537 3130 1645 3164 eum
1669 3112 1814 3165 Latii
1836 3116 1912 3164 ius
1935 3115 2180 3165 obtinuis—

238 3186 372 3240 sent,
400 3178 580 3230 Latini
602 3187 799 3231 veteres
824 3182 1119 3230 dicerentur
1143 3179 1333 3244 (Tacit.
1361 3181 1431 3234 A.
1458 3192 1498 3243 4,
1526 3191 1552 3232 5
1576 3190 1626 3232 et
1647 3181 1792 3245 infra
1811 3188 1913 3232 not.
1936 3184 2063 3244 adl,
2084 3179 2177 3244 95),

375 3344 427 3415 ξ.
455 3350 539 3401 82.
579 3347 663 3411 Of.
691 3350 834 3411 infra
859 3347 953 3413 38.
975 3359 1042 3402 88.
1063 3361 1128 3404 59.
1171 3350 1286 3415 Ulp.
1311 3361 1351 3409 5,
1378 3360 1416 3402 9.
1458 3351 1607 3403 Paul.
1631 3361 1673 3411 2,
1699 3362 1765 3404 24.
1807 3348 1905 3414 38.
1933 3357 2066 3399 1-3.
2089 3362 2175 3409 pr.

231 3416 281 3465 J.
308 3417 376 3465 de
400 3419 566 3480 ingen.
593 3417 658 3480 (1,
677 3419 741 3476 4).
813 3413 862 3483 ξ.
891 3419 973 3468 83.
1006 3419 1083 3480 Cf.
1108 3419 1175 3471 L.
1200 3429 1267 3470 24.
1304 3419 1367 3467 D.
1397 3420 1459 3468 de
1483 3426 1620 3468 statu
1643 3418 1770 3470 hom.
1801 3417 1861 3480 (1,
1881 3414 1943 3474 5).
2013 3409 2065 3477 ξ.
2090 3414 2175 3462 84.

237 3483 317 3546 Cf.
344 3483 493 3537 Paul.
518 3496 560 3547 2,
585 3494 632 3534 21
663 3485 732 3534 A.
759 3494 800 3542 4,
830 3496 900 3536 10.
928 3483 982 3549 3.
1006 3495 1048 3534 2.
1084 3486 1252 3550 ibique
1278 3491 1382 3535 not.
1413 3486 1475 3533 L.
1504 3495 1544 3533 3.
1590 3484 1677 3535 Th.
1704 3484 1760 3531 0.
1787 3483 1859 3529 ad
1875 3479 1973 3528 SC.
1998 3479 2175 3527 Claud.

234 3549 303 3614 (4,
339 3546 404 3614 9).
444 3552 588 3616 infra
623 3549 718 3615 83.
754 3563 819 3602 91.
859 3558 950 3601 160.
1019 3547 1070 3616 ξ.
1109 3554 1191 3604 85.
1231 3553 1309 3613 Cf.
1346 3552 1409 3601 L.
1443 3561 1467 3597 2
1496 3566 1584 3613 pr.
1615 3550 1691 3596 D.
1724 3564 1786 3596 ne
1821 3548 1884 3595 de
1909 3550 2045 3593 statu
2071 3543 2176 3605 def.

240 3617 328 3682 (40,
354 3616 445 3682 15).
481 3620 546 3670 L.
571 3630 613 3671 3.
641 3619 697 3669 C.
723 3621 819 3670 sol.
848 3626 994 3667 matr.
1023 3620 1084 3679 (5,
1114 3617 1202 3680 18).
