2546 3928
902 172 1026 253 am
1053 218 1249 253 mem.
1285 203 1388 253 111.
1425 206 1667 255 11—16.
2138 206 2256 263 129

303 346 468 398 inter
509 358 598 411 se,
657 343 717 397 id
754 350 839 398 esc
881 344 974 414 qui
1016 358 1078 397 ex
1120 341 1333 398 duobus
1375 342 1659 399 fratribus
1695 348 2058 418 proqenerati
2102 356 2253 417 suut,

307 442 458 499 quos
486 426 737 500 plerique
778 430 950 482 etiam
990 429 1363 484 consobrinos
1406 436 1652 491 uocant3
1693 444 1809 499 qua
1840 434 2066 485 ratione
2097 433 2246 486 scili-

308 518 407 566 eet
437 512 606 566 etiam
638 513 718 566 ad
736 514 943 582 plures
969 513 1190 584 gradus
1213 515 1541 584 aquationis
1561 515 1882 583 peruenire
1903 518 2244 585 poterimus.

303 592 393 652 11.
441 594 570 652 Non
601 601 791 651 tamen
823 596 1079 651 omnibus
1109 598 1276 651 simul
1306 597 1532 669 aquatis
1564 595 1663 652 dat
1703 596 1788 652 lex
1821 613 1915 653 x11
1949 597 2247 654 tabularum

305 679 689 752 hereditatem,
734 678 831 734 sed
861 679 967 750 his,
1010 683 1110 752 qui
1137 686 1292 749 tune,
1341 697 1468 736 cum
1500 687 1719 737 certum
1765 688 1848 737 est
1890 685 2135 754 aliquem
2167 685 2251 739 in-

306 769 521 820 testato
551 766 884 834 decessisse,
926 768 1197 836 proximo
1232 763 1407 837 gradu
1439 773 1586 819 sunt.
1675 759 1762 820 12.
1811 765 1919 821 Nec
1948 767 2003 821 in
2034 782 2101 822 eo
2131 768 2248 822 iure

305 848 585 903 successio
628 855 741 904 est.-
782 850 1020 922 ideoque
1050 852 1102 904 si
1128 856 1369 921 agnatus
1410 850 1690 922 proximus
1722 849 2083 906 hereditatem
2116 852 2248 906 omi·

304 932 466 1004 serit,
492 933 588 988 uel
615 939 924 1006 antequam
956 934 1179 1003 adierit,
1215 932 1528 1003 decesserit,
1565 934 1920 1006 sequentibus
1953 934 2085 990 nihil
2116 936 2246 989 iuris

305 1032 375 1072 ex
406 1019 530 1090 leye
561 1017 844 1090 competit.
932 1015 1020 1074 13.
1068 1017 1193 1074 Ideo
1238 1025 1417 1074 autem
1459 1034 1570 1073 non
1614 1018 1805 1073 mortis
1843 1026 2086 1092 tempore
2120 1023 2247 1091 quis

296 1105 611 1172 proximus
638 1093 892 1158 'eorum¹
929 1105 1015 1173 sit,
1047 1106 1414 1175 requirimus,
1449 1104 1553 1158 sed
1577 1117 1643 1158 eo
1674 1110 1938 1177 tempore,
1974 1120 2084 1175 quo
2117 1120 2246 1159 cer-

301 1194 426 1241 tum
470 1186 690 1257 fuerit,
743 1189 987 1258 aliquem
1039 1188 1371 1242 intestatum
1423 1189 1773 1258 decessisse,
1826 1191 1962 1258 quia
2016 1190 2067 1243 si
2116 1191 2245 1258 quis

301 1276 642 1326 testamento
680 1269 844 1342 facto
888 1269 1199 1340 decesserit,
1248 1270 1440 1325 meiius
1482 1286 1608 1327 esse
1648 1273 1825 1325 uisum
1870 1279 1976 1341 est,
2017 1279 2149 1326 tunc
2180 1288 2244 1326 ex

296 1355 369 1409 iis
415 1355 616 1427 requiri
662 1355 988 1427 proximum,
1030 1370 1150 1408 cum
1183 1362 1390 1409 certum
1423 1371 1543 1409 esse
1575 1355 1835 1428 coeperit,
1881 1355 2147 1409 neminem
2180 1371 2244 1408 ex

299 1453 371 1493 eo
416 1445 744 1493 testamento
791 1437 907 1491 sore
948 1436 1223 1492 heredem.
1325 1433 1411 1492 14.
1471 1435 1627 1504 Quod
1673 1437 1738 1492 ad
1785 1437 2012 1492 feminas
2064 1445 2242 1494 tamen

298 1521 518 1589 attinet,
563 1522 617 1574 in
650 1521 755 1575 hoc
783 1522 901 1575 iure
933 1519 1081 1575 aliud
1108 1522 1161 1574 in
1212 1514 1221 1594 Ι
1270 1521 1508 1593 ipsarum
1550 1520 1938 1576 hereditatibus
1970 1521 2240 1595 capiendis
2264 1530 2378 1584 129.

294 1606 533 1680 placuit,
562 1603 713 1659 aliud
750 1605 821 1658 ’in
853 1598 1199 1659 ceterorum²
1230 1603 1295 1659 ab
1325 1605 1409 1659 his
1440 1604 1737 1677 capiendis:
1771 1621 1892 1660 nam
1922 1605 2239 1661 seminarum

291 1689 655 1747 hereditates
704 1687 929 1761 perinde
977 1687 1039 1742 ad
1092 1705 1191 1744 nos
1252 1688 1554 1762 aquationis
1615 1689 1729 1744 iure
1788 1689 2020 1745 redeunt
2078 1698 2240 1764 atque

293 1772 683 1842 masculorum,
740 1781 958 1828 nostrae
1000 1789 1130 1828 uero
1181 1773 1508 1828 hereditates
1553 1772 1618 1828 ad
1657 1773 1880 1829 seminas
1929 1775 2240 1831 ultra‘con·

295 1856 727 1930 sanguineorum
770 1856 997 1930 gradum
1040 1874 1148 1913 non
1187 1859 1495 1932 pertinent,
1543 1859 1729 1931 itaque
1774 1875 1934 1914 soror
1962 1859 2119 1916 fratri
2151 1877 2239 1916 so-

291 1943 484 1999 roriue
515 1941 758 2015 legitima
801 1941 957 1998 heres
1000 1949 1104 2015 est,
1147 1943 1307 1998 amita
1350 1958 1481 1999 uero
1526 1951 1579 1999 et
1620 1942 1813 2000 fratris
1853 1941 1964 1999 filia
1998 1943 2238 2017 legitima

293 2030 625 2084 heresesse
668 2023 801 2100 (non
828 2035 1047 2096 potes15
1088 2031 1309 2083 sororis
1350 2034 1540 2082 autem
1582 2029 1743 2084 nobis
1771 2020 1898 2083 Ioco
1930 2023 2032 2101 est)
2078 2029 2238 2082 etiam

294 2119 474 2167 mater
514 2118 606 2165 aut
648 2127 904 2182 nouerca,
958 2126 1094 2183 quae
1138 2127 1237 2184 per
1277 2111 1331 2165 in
1377 2127 1589 2165 manum
1637 2112 2058 2166 conuentionem
2111 2120 2240 2183 aput

297 2204 512 2272 patrem
555 2203 802 2250 nostrum
852 2194 967 2249 iura
996 2192 1136 2249 filiae
1177 2203 1474 2251 consecuta
1507 2202 1606 2249 est.
1696 2190 1786 2251 15.
1834 2194 1889 2250 Si
1920 2195 1990 2267 ei,
2024 2195 2115 2267 qui
2148 2194 2241 2251 de-

112 2289 275 2364 [212]
302 2282 527 2337 functus
558 2282 680 2351 erit,
725 2283 795 2335 sit
828 2278 994 2334 frater
1022 2288 1078 2335 et
1109 2279 1329 2335 alterius
1372 2278 1553 2334 fratris
1586 2277 1751 2350 filius,
1795 2280 1952 2335 sicut,
1976 2296 2040 2335 ex
2077 2297 2238 2354 supe-

296 2363 539 2420 rioribus
563 2364 923 2437 intellegitur,
953 2363 1121 2419 frater
1143 2365 1296 2437 prior
1320 2372 1422 2435 est,
1460 2366 1582 2436 quia
1607 2365 1780 2438 gradu
1808 2364 2109 2438 praecedit:
2142 2366 2238 2419 sed

297 2449 408 2505 alia
437 2448 575 2504 facta
607 2458 690 2504 est
719 2449 849 2503 iuris
880 2449 1262 2523 interpretatio
1289 2450 1431 2503 inter
1460 2465 1589 2503 suos
1623 2448 1867 2503 heredes
1912 2443 1999 2502 16.
2033 2446 2238 2513 Quodsi

300 2532 547 2589 defuncti
577 2532 759 2588 nullus
782 2532 949 2587 frater
973 2536 1141 2603 extet,
1174 2527 1315 2604 (sed)
1350 2532 1457 2585 sint
1487 2529 1641 2585 liberi
1673 2531 1920 2599 fratrum,
1955 2529 2019 2583 ad
2052 2544 2237 2584 omnes

297 2618 519 2691 quidem
558 2616 829 2672 hereditas
871 2617 1139 2691 pertinet;
1180 2613 1276 2669 sed
1310 2614 1612 2687 quaesitum
1642 2621 1743 2684 est,
1788 2614 1832 2668 si
1862 2611 2064 2685 dispari
2094 2609 2238 2670 sorte

303 2717 535 2757 numero
566 2702 675 2756 sint
705 2702 835 2771 uati,
877 2691 1092 2757 'uelut3
1133 2715 1198 2753 ex
1232 2714 1340 2753 uno
1373 2714 1512 2752 unus
1546 2698 1632 2752 uel
1664 2697 1809 2769 duc,
1825 2713 1889 2753 ex
1919 2696 2092 2754 altero
2125 2705 2238 2755 tres

437 2880 479 2947 ¹)
516 2882 658 2934 Edd.
685 2883 931 2932 omittunt.
1038 2876 1080 2944 ²)
1115 2880 1272 2943 honiS,
1311 2880 1451 2945 quod
1483 2878 1538 2928 C.
1575 2886 1627 2928 et
1658 2841 1783 2928 edd.
1813 2879 2027 2940 addunt,
2056 2878 2234 2931 collat.

300 2952 427 3002 Cdd.
453 2954 712 3016 ignorant,
739 2965 840 2999 non
858 2949 1016 3011 facile
1037 2950 1100 2997 de
1120 2948 1351 3013 legitimis
1369 2950 1696 3011 ingenuorum
1714 2945 2084 2996 hereditatibus
2109 2948 2235 2996 dici-

297 3026 399 3082 tur,
420 3023 592 3084 itaque
609 3034 711 3082 pro
728 3021 1029 3081 ylossemate
1048 3015 1326 3065 habendum
1347 3022 1438 3067 est.
1487 3012 1528 3078 ⁸)
1553 3022 1601 3063 ut
1624 3014 1677 3068 0.
1699 3016 1816 3067 edd.
1840 3015 1972 3063 uelut
1991 3015 2071 3063 ed.
2082 3012 2180 3080 Bq.
2193 3025 2234 3071 5.

432 3167 481 3238 ξ,
512 3173 593 3220 11.
627 3191 693 3211 ==
728 3170 910 3222 Callae.
938 3178 1001 3227 16,
1028 3178 1068 3221 2.
1104 3166 1159 3231 S.
1197 3178 1264 3221 11.
1307 3167 1390 3229 Cf.
1428 3161 1481 3233 §-
1509 3180 1550 3217 1.
1588 3167 1636 3216 I.
1673 3172 1757 3221 cit.
1784 3167 1930 3231 Epit.
1964 3177 2004 3225 2,
2029 3176 2072 3217 8.
2111 3166 2167 3231 S.
2191 3179 2233 3217 4.

295 3239 480 3290 Collat.
509 3250 575 3300 16,
602 3247 641 3290 3.
679 3236 731 3301 S.
757 3247 821 3288 17.
858 3236 913 3301 S.
938 3246 979 3286 6.
1017 3236 1064 3289 I.
1090 3237 1204 3285 eod.
1309 3232 1470 3302 5:12.
1495 3254 1562 3275 =
1590 3234 1770 3290 Collat.
1794 3245 1862 3298 16,
1886 3246 1928 3290 2.
1967 3233 2022 3298 S.
2050 3244 2115 3286 12.
2155 3235 2232 3297 Cf.

295 3306 480 3357 Collat.
517 3317 582 3370 16,
607 3316 650 3357 3.
689 3303 785 3369 88.
811 3315 877 3359 23.
902 3313 967 3354 26.
1010 3302 1125 3367 Ulp.
1152 3312 1219 3365 26,
1243 3312 1290 3352 5.
1325 3302 1381 3367 S.
1407 3311 1447 3353 7.
1487 3303 1535 3355 Ι.
1564 3305 1678 3353 eod.
1719 3300 1782 3365 (s,
1808 3301 1874 3366 2).
1980 3298 2030 3365 ξ.
2059 3302 2138 3352 13.
2164 3320 2231 3366 ε,

293 3374 477 3427 Collat.
503 3384 569 3433 16,
597 3384 635 3423 2.
677 3372 731 3437 g.
759 3384 824 3422 13.
876 3372 955 3434 Cf.
985 3370 1039 3435 3.
1065 3381 1107 3419 6.
1148 3370 1194 3419 l.
1221 3372 1307 3419 cit.
1431 3366 1481 3437 §-
1512 3371 1592 3421 14.
1619 3391 1686 3411 =
1711 3369 1892 3420 Gallae.
1917 3377 1981 3423 16,
2008 3376 2047 3414 2.
2085 3365 2139 3428 3.
2167 3377 2230 3417 14.

296 3442 375 3504 Cf.
401 3442 547 3506 Epic.
576 3452 615 3501 2,
643 3438 816 3505 8033.
844 3450 883 3493 5.
910 3449 949 3488 6.
992 3440 1108 3503 Ulp.
1141 3447 1209 3502 26,
1236 3447 1277 3486 6.
1316 3437 1497 3487 Collat.
1526 3448 1592 3498 16,
1615 3448 1657 3485 3.
1696 3435 1792 3499 33.
1821 3444 1885 3483 16.
1909 3443 1974 3486 2ο.
1999 3441 2067 3481 22.
2097 3441 2162 3491 16,
2189 3442 2232 3483 ⁷.

293 3508 348 3573 S.
376 3523 416 3559 1.
448 3509 503 3573 3.
531 3520 574 3559 3.
603 3510 649 3562 Ι.
678 3510 792 3558 eod.
822 3507 881 3569 (3,
907 3507 974 3570 2).
1045 3503 1203 3572 §.112
1228 3523 1296 3545 ==
1325 3505 1505 3557 Collat.
1531 3514 1597 3566 16,
1616 3512 1655 3553 2.
1683 3501 1737 3563 S.
1761 3509 1824 3548 15.
1864 3499 1940 3559 Cf.
1964 3497 2108 3560 Epa.
2128 3509 2171 3554 2,
2193 3508 2233 3550 8.

294 3578 348 3641 S.
375 3587 414 3627 5.
456 3577 637 3630 Collat,
664 3586 727 3635 16,
752 3586 791 3625 3.
822 3574 875 3639 S.
902 3585 966 3624 18.
999 3572 1054 3636 S.
1079 3584 1117 3623 5.
1149 3573 1197 3625 I.
1227 3575 1340 3624 eod.
1436 3567 1487 3635 ξ
1517 3571 1593 3618 16.
1621 3589 1686 3607 =
1715 3567 1895 3615 Callae.
1922 3574 1986 3625 16,
2012 3575 2052 3612 2.
2081 3563 2136 3626 8.
2167 3574 2233 3613 16.

395 3667 557 3708 Gnvs.
1680 3695 1683 3699 ,
1799 3650 1828 3695 9
