2546 3928
925 196 1067 260 'mn
1105 224 1301 264 ms‘rrr.
1337 210 1437 263 111.
1473 212 1556 260 34.
2092 210 2213 269 133

275 364 417 419 rem,
462 364 611 420 quae
639 352 699 404 in
730 365 956 404 manum
991 352 1114 405 eius
1144 343 1546 420 conuenerat‚¹
1582 380 1669 389 —
1699 380 1776 389 —
1809 380 1894 389 ——
1933 343 1941 425 Ι
2235 367 2352 414 133.

1009 450 1092 487 vv.
1131 433 1161 487 1
1180 463 1264 472 --
1283 433 1379 489 19.
1408 465 2215 473 —-—-—-——----——-
2236 440 2267 481 t.
2293 449 2332 488 s,

281 513 387 573 34.
435 509 789 590 ²Aliquando
819 522 1008 572 tamen
1039 532 1227 588 neque
1258 519 1604 574 emendandi
1632 533 1818 590 neque
1848 521 2221 591 impuynandi

109 614 257 674 [216]
286 604 508 658 ueteris
535 604 701 672 iuris,
732 602 837 657 sed
862 605 1046 675 mayis
1075 603 1458 674 confirmandi
1483 606 1676 676 qratia
1706 604 2018 674 pollicetur
2049 604 2216 659 bono·

283 705 417 742 rum
431 689 870 758 possessionem.
920 704 1053 741 nam
1081 685 1200 743 illis
1228 701 1473 758 quoque,
1509 690 1516 751 1
1551 688 1643 759 qui
1673 693 1819 742 recte
1845 687 2013 759 facto
2045 694 2217 743 testa·

281 777 474 827 mento
504 771 747 827 heredes
775 772 1021 827 instituti
1048 777 1197 841 sunt,
1234 774 1287 826 si
1307 771 1468 827 modo
1493 773 1725 827 tabulae
1749 775 2076 827 testamenti
2103 788 2215 827 non

281 859 473 911 minus
503 871 675 926 quam
706 861 921 927 septem
953 859 1171 911 testium
1202 858 1380 928 signis
1410 857 1675 928 siynatae
1704 859 1837 922 sint,
1882 857 1984 911 dat
2011 870 2216 911 secun·

283 942 418 996 dum
452 940 680 996 tabulas
711 939 983 996 bonorum
1007 943 1462 1011 possessionem.-
1492 942 1620 996 item
1654 940 1726 996 ab
1757 932 2032 1016 inltestato
2064 939 2218 995 here·
2239 944 2355 992 134.

281 1024 381 1080 des
424 1041 552 1079 suos
594 1032 648 1079 et
689 1031 923 1097 agnatos
953 1024 1016 1079 ad
1049 1024 1317 1080 bonorum
1347 1025 1747 1096 possessionem
1785 1033 1959 1081 uocat.
2025 1023 2218 1096 quibus

427 1188 463 1250 ¹)
500 1187 760 1252 Supplevi.
798 1188 870 1237 Et
889 1194 1018 1252 puta
1042 1190 1113 1238 ad
1136 1203 1335 1238 sensum
1358 1195 1576 1239 secutum
1601 1204 1744 1238 esse:
1780 1193 1796 1219 θ
1812 1191 1886 1238 ita
1911 1191 2124 1254 quidem,
2164 1195 2218 1237 ut

274 1257 384 1322 ‚hae
407 1271 661 1319 personae
687 1259 842 1305 matri
874 1258 1023 1305 etiam
1048 1261 1374 1313 concurrant,
1409 1257 1762 1321 dimidiamque
1793 1263 1994 1320 partem
2018 1257 2219 1305 heredi·

288 1328 415 1373 tatis
439 1326 488 1373 ei
510 1325 783 1387 auferant:
817 1325 1002 1373 deinde
1025 1330 1226 1372 ceteros
1250 1326 1506 1387 agnatos’.
1550 1323 1672 1372 Hoc
1693 1325 1840 1372 modo
1869 1325 2041 1381 Gaius,
2079 1338 2220 1386 quem

281 1393 338 1441 in
373 1407 432 1441 re
465 1394 742 1440 tractanda
776 1390 1111 1439 lastinianum
1146 1390 1275 1441 Nov.
1310 1398 1398 1438 118.
1435 1405 1479 1438 c.
1517 1400 1557 1440 3.
1594 1392 1834 1438 imitatum
1864 1405 1974 1438 esse
2001 1390 2220 1447 dioeeris,

280 1461 432 1509 simul
452 1460 531 1508 ius
555 1459 812 1523 antiquum
845 1464 966 1519 apte
998 1458 1315 1521 siqnifi'cavit,
1353 1458 1490 1520 quod
1512 1455 1609 1508 SC.
1640 1456 1995 1506 Tertullianum
2020 1461 2222 1522 aquatis

287 1532 662 1577 reservaverat.
706 1527 828 1575 Post
846 1525 972 1572 haec
990 1530 1153 1573 autem
1175 1523 1440 1585 probabile
1467 1531 1560 1585 est,
1591 1523 1764 1573 Gaium
1789 1526 1999 1585 dimisse,
2026 1539 2097 1574 ea:
2122 1524 2219 1577 SC.

284 1594 445 1642 matri
476 1608 576 1641 non
609 1594 756 1642 modo
790 1590 835 1640 b.
871 1592 1243 1654 possessionem
1266 1593 1362 1640 sed
1384 1593 1533 1641 etiam
1557 1591 1889 1641 hereditatem
1912 1598 2215 1655 competere,

286 1675 499 1722 eamque
524 1659 570 1708 b.
588 1660 960 1722 possessionem
984 1660 1230 1708 adversus
1253 1666 1471 1722 agnatos
1494 1674 1693 1721 semper
1717 1674 1822 1709 cum
1845 1675 1905 1709 re
1927 1671 2220 1723 praetorem

289 1730 437 1777 dare.
474 1726 705 1778 Proinde
729 1728 862 1777 hanc
893 1726 939 1775 b.
976 1728 1345 1789 possessionem
1370 1742 1470 1777 non
1493 1728 1638 1776 modo
1663 1728 1937 1790 supplendi
1956 1729 2054 1777 sed
2074 1729 2221 1777 etiam

286 1796 620 1858 impuynandi
649 1796 776 1844 iuris
800 1796 957 1844 civilis
981 1809 1136 1843 causa
1161 1795 1307 1842 dari:
1343 1795 1480 1858 quod
1509 1795 1658 1843 etiam
1683 1796 1734 1843 in
1759 1797 1877 1844 aliis
1899 1797 2068 1846 causis
2084 1797 2220 1856 fieri.

201 1911 205 1915 ,
285 1861 331 1922 ²)
380 1862 553 1912 Verba
581 1863 898 1928 ‘Aliquando
922 1887 989 1897 -·
1011 1863 1283 1911 secundum
1315 1863 1516 1912 tabulas
1542 1861 1781 1912 bonorum
1813 1860 2218 1927 possessionem',

286 1947 360 1982 ex
386 1925 438 1996 §-
467 1942 507 1981 1.
546 1930 596 1981 Ι.
620 1932 684 1981 de
709 1930 757 1985 b.
780 1946 834 1995 p.
867 1929 929 1993 (3,
954 1929 1001 1992 9)
1025 1933 1208 1994 petita,
1234 1930 1379 1981 huius
1401 1932 1502 1981 loci
1521 1932 1701 1994 videri,
1727 1932 1825 1980 iam
1854 1930 2066 1981 Goesch.
2089 1931 2223 1980 iudi-

284 2000 438 2058 cavit,
466 2014 625 2063 eaque
650 1999 745 2049 huc
768 1998 1114 2048 transcribere
1134 2013 1232 2047 non
1253 1998 1493 2059 dubitavi,
1514 2004 1850 2062 posteaquam
1868 1998 2220 2057 animadverti,

288 2065 551 2118 verborum
587 2068 665 2130 qui
703 2072 834 2116 recte
867 2065 1140 2126 manifesta
1172 2068 1385 2130 vestigia
1418 2064 1561 2114 initio
1594 2081 1638 2113 v.
1664 2075 1730 2114 21.
1763 2065 1815 2113 in
1841 2063 2026 2113 Sched.
2056 2062 2219 2114 Blum.

285 2135 529 2197 reperiri.
556 2149 736 2199 eaque,
763 2148 891 2198 quae
908 2138 1199 2196 sequuntur,
1225 2134 1419 2183 additis
1442 2138 1608 2181 tamen
1633 2132 1733 2181 illis
1758 2133 1829 2180 ‘si
1848 2133 1994 2181 modo
2021 2131 2220 2180 tabulae

298 2240 311 2252 .
331 2239 345 2252 .
366 2204 623 2266 ,siqnatae
646 2204 788 2260 sint’,
814 2216 943 2265 quae
960 2201 1278 2250 lastinianus
1296 2199 1528 2261 debebat,
1553 2198 1708 2249 Gaius
1731 2200 1959 2249 omittere
1982 2213 2083 2248 non
2107 2204 2220 2263 pot·

284 2279 433 2330 erat,
466 2270 629 2331 ferme
658 2274 898 2333 quattuor
920 2283 1096 2318 versus
1128 2268 1249 2318 Ver.
1281 2268 1333 2318 0.
1361 2266 1573 2331 (2ι’-24)
1596 2270 1818 2330 replere.
1867 2266 1976 2317 Sed
2007 2270 2105 2316 iam
2129 2282 2221 2316 nec

290 2338 483 2399 dubito,
520 2343 636 2401 quin
661 2337 861 2394 haecce,
898 2352 1026 2401 quac
1050 2338 1101 2384 in
1127 2336 1278 2399 Inst.,
1314 2337 1494 2398 paucis
1517 2352 1550 2384 a
1582 2335 1892 2385 Triboniano
1918 2337 2218 2396 interiectis,

285 2405 625 2455 antecedunt:
664 2405 780 2453 ‘Ius
815 2403 1054 2453 bonorum
1087 2406 1426 2466 possessionis
1458 2405 1794 2452 introductum
1818 2410 1898 2451 est
1921 2419 1954 2450 a
1975 2409 2222 2464 praetore

289 2472 596 2522 emendandi
615 2473 802 2521 veteris
824 2473 951 2520 iuris
970 2472 1161 2535 qratia.
1202 2471 1310 2519 Nec
1334 2471 1489 2520 solum
1514 2472 1564 2517 in
1588 2470 1940 2517 intestatorum
1963 2468 2222 2516 heredita·

288 2540 425 2590 tibus
455 2546 597 2588 vetus
628 2541 705 2588 ius
738 2555 798 2589 eo
833 2540 978 2587 modo
1013 2545 1229 2600 praetor
1263 2537 1557 2595 emendavit,
1594 2537 1722 2584 sicut
1753 2549 1915 2596 supra
1941 2535 2123 2582 dictum
2147 2540 2225 2582 est

292 2606 414 2672 (83.
442 2616 492 2656 25
514 2605 663 2671 seq.),
688 2608 784 2655 sed
804 2608 854 2655 in
877 2620 1044 2655 eorum
1066 2619 1279 2669 quoque,
1307 2603 1394 2667 qui
1415 2607 1712 2651 testamento
1727 2602 1872 2663 facto
1891 2601 2224 2651 decesserint.

293 2676 424 2726 Nam
446 2675 494 2723 si
515 2675 709 2723 alienus
724 2680 983 2738 postumus
1005 2672 1153 2720 heres
1173 2671 1340 2732 fuerit
1356 2670 1629 2730 institutus,
1657 2673 1877 2734 quamvis
1893 2670 2226 2720 hereditatem

287 2746 406 2794 iure
431 2742 565 2791 civili
587 2743 735 2791 adire
760 2757 859 2791 non
882 2745 1107 2804 poterat,
1132 2754 1238 2787 cum
1262 2738 1512 2787 institutio
1538 2752 1637 2786 non
1662 2736 1860 2786 valebat
1886 2734 1948 2800 (2,
1973 2747 2066 2786 242.
2091 2733 2225 2802 287.),
2341 2753 2376 2785 ο

289 2811 573 2860 honorario
606 2817 770 2859 tamen
795 2810 906 2857 iure
931 2808 1171 2857 bonorum
1193 2820 1467 2869 possessor
1490 2804 1826 2867 efficiebatur,
1862 2806 2094 2854 videlicet
2118 2821 2225 2853 cum

290 2896 325 2928 a
340 2883 593 2942 praetore
618 2875 995 2935 adiuvabatur’,
1028 2876 1211 2939 paucis
1242 2875 1446 2923 mutatis
1479 2879 1528 2921 et
1552 2874 1669 2935 ipsa
1690 2874 1793 2921 sint
1820 2872 2035 2930 Gaiana,
2073 2879 2126 2920 ut
2151 2879 2225 2921 ta-

291 2962 403 2995 men
433 2944 587 2994 Gaius
619 2952 772 2993 antea
807 2944 854 2993 b.
886 2944 1257 3007 possessionem
1292 2956 1364 2991 ex
1396 2939 1494 2990 So.
1528 2939 1840 2990 Tertulliano
1876 2941 2095 2990 dandam
2125 2956 2225 3004 pro

291 3014 529 3076 exemplo
547 3014 828 3077 impuynati
844 3013 970 3060 iuris
986 3012 1173 3060 veteris
1193 3011 1424 3074 posuisse
1443 3009 1676 3058 videatur
1697 3007 1788 3070 (cf.
1805 3008 1964 3058 Gloss.
1988 3008 2140 3059 Taur.
2157 3010 2229 3058 ad

289 3097 376 3145 pr.
405 3080 455 3133 I.
481 3089 523 3141 3,
549 3090 574 3129 9
599 3087 648 3128 et
673 3087 777 3129 not.
800 3080 872 3128 ad
889 3074 1066 3144 §.33⁸.)
1086 3084 1137 3126 et
1155 3078 1340 3127 deinde
1362 3078 1696 3141 perrexerit.-
1725 3078 1990 3142 ‘Alioquin
2015 3079 2093 3127 ius
2110 3077 2225 3129 bon.

292 3152 460 3213 poss!
488 3153 584 3197 etc.
619 3147 733 3195 Iam
757 3163 862 3195 cum
886 3148 973 3195 illa
998 3147 1167 3196 decem
1191 3147 1402 3195 circiter
1424 3145 1653 3207 efficiant
1674 3160 1851 3195 versus
1874 3143 1929 3195 Ο.
1967 3145 2020 3193 V
2015 3161 2107 3208 er.‚
2134 3161 2228 3208 ap·

290 3222 464 3279 paret,
504 3214 678 3264 Gaium
710 3217 877 3264 statim
908 3221 1028 3277 post
1053 3213 1330 3262 absolutam
1355 3212 1479 3262 SCti
1506 3212 1806 3262 Tertulliani
1837 3215 2222 3277 expositionem,

294 3298 426 3348 quae
461 3280 654 3331 initium
688 3297 884 3347 quoque
915 3298 970 3344 p.
998 3291 1087 3330 133.
1124 3281 1407 3344 occupavit,
1441 3280 1514 3329 ad
1537 3280 1666 3329 hanc
1685 3283 1972 3345 generalem
1998 3282 2227 3341 disputa-

295 3353 480 3400 tionem
504 3352 568 3399 de
592 3350 830 3399 bonorum
851 3349 1174 3412 possessione
1198 3350 1485 3397 transiisse.

474 3539 485 3552 .
516 3504 597 3553 34.
634 3522 702 3542 =
736 3497 788 3567 S.
816 3515 853 3552 1.
896 3501 943 3551 Ι.
980 3503 1042 3551 de
1068 3501 1116 3552 b.
1140 3517 1193 3564 p.
1220 3495 1289 3563 (3,
1314 3498 1379 3563 9).
1429 3498 1507 3559 Cf.
1533 3497 1713 3561 Collat.
1739 3504 1802 3556 16,
1829 3504 1868 3542 3.
1906 3492 1968 3555 S.
1991 3502 2032 3542 5.
2072 3507 2227 3548 Qvon.

295 3585 421 3620 nox.
472 3569 551 3632 Cf.
577 3581 619 3636 4,
648 3583 737 3621 144.
