2546 3928
416 190 493 245 lO
1282 204 1459 240 curs,

409 324 655 373 docendo
696 321 1085 372 addiscerent.¹
1162 323 1348 372 Ceteri
1387 325 1505 372 eius
1541 324 1668 373 libri
1706 329 1915 373 tantum
1955 325 2341 389 supplementa

410 392 676 454 quaedam
723 390 982 439 videntur
1029 391 1201 438 fuisse
1248 391 1479 440 maxime
1529 407 1710 440 eorum
1759 392 2034 453 librorum,
2090 408 2223 456 quos
2272 394 2340 441 ad

408 459 644 507 edictum
696 462 1094 521 composuerat,
1141 457 1294 507 velut
1340 458 1406 507 de
1455 458 1891 509 fideicommissis
1941 466 1994 508 et
2039 459 2104 508 de
2152 453 2340 509 manu·
2368 461 2447 526 [88]

408 524 778 589 missionibus,
819 540 936 574 cum
973 524 1039 573 ad
1078 525 1316 575 edictum
1353 527 1600 575 urbicum
1641 527 1799 575 modo
1835 527 1900 576 de
1938 527 2141 590 legatis
2182 533 2237 577 et
2274 529 2339 577 de

408 592 632 643 liberali
681 608 850 642 causa
901 593 1230 656 scripsisset,
1282 593 1347 642 de
1393 595 1683 643 verborum
1722 594 2174 659 obligationibuS,
2220 611 2339 645 cum

410 661 479 709 ad
517 660 754 710 edictum
798 664 1006 709 tantum
1054 663 1369 724 praetoriae
1419 662 1807 727 stipulationes
1856 662 2223 727 explicandae
2263 678 2343 712 es-

410 732 544 789 sent,
592 727 658 776 de
705 727 828 792 lege
880 727 1071 788 Glicia,
1125 743 1262 792 quae
1303 729 1372 777 ad
1412 730 1832 779 centumvirales
1881 745 2077 779 causas
2124 735 2343 795 specta-

407 797 506 845 bat
543 796 689 844 inter
726 796 810 844 ius
849 795 1012 844 civile
1053 800 1107 844 et
1145 798 1486 860 praetorium
1523 798 1897 861 interpositas,
1935 797 2001 845 de
2035 796 2182 846 SCC.
2210 798 2342 847 Ter·

408 863 636 912 tulliano
677 868 731 912 et
765 862 1110 927 Orphitiano,
1153 879 1294 926 quae
1334 871 1517 925 antea,
1559 880 1679 913 cum
1706 864 2092 929 Orphitianum
2130 864 2342 914 demum

410 947 459 982 a.
500 933 595 980 178
634 931 841 980 factum
881 933 1049 992 esset,
1091 931 1251 995 plene
1289 935 1532 980 tractare
1571 933 1807 981 nondum
1844 937 2118 995 potuerat.
2173 933 2344 981 Liber

411 999 556 1046 enim
582 997 881 1061 singularis
918 998 984 1046 de
1023 999 1258 1047 formula
1282 999 1696 1062 hypothecaria,
1738 999 1942 1048 collata
1978 1000 2024 1059 ἓ.
2052 1003 2103 1048 4.
2156 999 2340 1049 Const.

408 1066 636 1114 Omnem
688 1066 845 1129 reip.,
907 1070 1116 1114 tantum
1171 1081 1301 1129 pars
1362 1068 1836 1130 interpretationis
1896 1066 2065 1115 edicti
2125 1067 2345 1116 videtur

409 1133 599 1182 fuisse.

508 1200 791 1248 Postremo
837 1200 1061 1249 maximi
1106 1201 1367 1249 momenti
1412 1206 1511 1262 est,
1570 1201 1711 1264 quod
1761 1201 1931 1250 Gaius
1978 1202 2127 1265 ipsos
2172 1201 2344 1250 libros

409 1281 536 1315 suos
585 1283 650 1315 ex
697 1271 853 1331 parte
902 1267 1096 1316 saltem
1145 1275 1336 1331 aperte
1385 1268 1607 1319 scholae
1655 1269 1834 1332 potius
1884 1283 2043 1330 quam
2089 1269 2207 1317 foro
2247 1268 2342 1316 de-

409 1334 640 1382 stinavit
687 1336 1062 1397 maximusque
1110 1334 1282 1383 studii
1329 1336 1626 1385 theoretici
1672 1336 1942 1384 excitator
1980 1341 2035 1385 et
2073 1339 2347 1398 promotor

408 1401 649 1450 exstitit:
690 1416 794 1464 qua
830 1403 885 1450 in
924 1417 980 1451 re
1021 1403 1072 1450 ei
1111 1407 1166 1450 et
1202 1402 1537 1454 Athenaeum
1566 1403 1897 1452 Graecarum
1928 1402 2345 1467 disciplinarum

408 1470 475 1517 ab
514 1468 798 1517 Hadriano
846 1469 1054 1518 Romae
1093 1469 1400 1519 institutum
1454 1476 1508 1518 et
1555 1470 1725 1518 edicti
1774 1470 2220 1534 compositionem
2271 1472 2345 1520 ab

406 1536 623 1585 Iuliano
661 1537 970 1586 absolutam
1009 1537 1371 1586 incitamento
1410 1537 1589 1587 fuisse
1629 1552 1892 1601 perquam
1931 1536 2196 1585 credibile
2238 1542 2345 1585 est.

407 1603 544 1651 Nam
581 1603 750 1653 libros
798 1604 901 1652 ‘ad
941 1604 1177 1654 edictum
1215 1606 1495 1654 urbicum’
1545 1605 1886 1669 potissimum
1936 1605 1991 1651 in
2031 1603 2351 1651 scholarum

404 1685 561 1718 usum
617 1672 911 1732 scripsisse
967 1672 1201 1721 videtur.
1292 1671 1424 1718 Cum
1480 1674 1619 1719 enim
1677 1671 1959 1718 Ciceronis
2009 1674 2193 1717 aetate
2253 1670 2354 1732 (de

407 1737 555 1799 legg.
601 1739 647 1796 1,
687 1739 734 1785 5.
775 1739 823 1796 2,
860 1735 966 1797 23.)
1006 1738 1239 1783 maxime
1280 1753 1345 1784 ex
1373 1737 1555 1785 edicto
1581 1737 1857 1798 praetoris
1893 1736 1979 1783 ius
2016 1734 2177 1783 civile
2206 1734 2357 1786 disci

407 1807 660 1865 coeptum
709 1810 874 1861 esset,
920 1803 1007 1851 hic
1054 1818 1166 1851 mos
1214 1802 1312 1851 sub
1359 1803 1785 1864 imperatoribus
1823 1817 1930 1850 non
1967 1800 2123 1849 modo
2162 1806 2358 1852 reten-

409 1874 496 1916 tus
535 1869 630 1916 sed
670 1870 836 1917 etiam
874 1869 1130 1919 excultus
1171 1874 1271 1918 est.
1343 1871 1407 1919 In
1444 1868 1574 1918 Gaii
1610 1884 1739 1918 vero
1776 1868 1935 1918 libris
1972 1869 2201 1933 primum
2237 1869 2356 1920 hoc

408 1936 689 2001 singulare
738 1952 804 1986 ac
850 1953 1047 1987 novum
1093 1936 1262 1987 fuisse
1310 1937 1547 2001 videtur,
1588 1937 1730 2000 quod
1780 1937 1881 1986 ‘ad
1921 1937 2158 1986 edictum
2195 1938 2352 1989 urbi·

408 2009 561 2053 cum’
609 2006 848 2069 scripsit,
900 2020 1052 2068 quem
1098 2006 1318 2054 titulum
1365 2006 1680 2087 generalem
1719 2006 1951 2070 praebet
1992 2004 2157 2053 index
2196 2004 2350 2059 Flor

409 2072 525 2132 t‘ad
553 2072 789 2121 edictum
814 2074 1060 2122 urbicum
1098 2066 1169 2122 τὰ
1195 2065 1345 2137 μόνα
1374 2065 1693 2135 ευρεθέντα
1719 2071 1913 2137 βιβλία
1942 2067 2152 2134 δέκα’),
2194 2088 2346 2122 com—

406 2139 598 2202 plexus
638 2156 703 2188 ea
744 2141 1116 2204 appellatione
1144 2145 1265 2205 post
1290 2140 1528 2189 deletam
1556 2139 1980 2205 magistratuum
2007 2145 2347 2203 potestatem

408 2206 745 2255 naturaliter
782 2223 888 2256 non
928 2208 994 2255 ad
1033 2222 1214 2256 eorum
1253 2209 1340 2256 ius
1376 2208 1472 2257 sed
1510 2209 1577 2258 ad
1615 2208 1795 2257 locum
1822 2213 2114 2272 spectante
2152 2209 2348 2271 itaque

408 2274 620 2323 ‘edicto
658 2274 1011 2338 provinciali'
1051 2275 1417 2338 respondente
1456 2291 1537 2338 ea,
1580 2291 1717 2340 quae
1745 2275 1935 2325 Cicero
1975 2275 2045 2324 ad
2083 2276 2252 2324 Attic.
2296 2278 2348 2338 6,

409 2343 453 2390 1.
492 2341 536 2400 5
582 2344 660 2391 15.
699 2338 946 2405 appellat
992 2341 1176 2390 edicta
1222 2342 1437 2392 urbana
1480 2344 1516 2392 i.
1560 2358 1604 2392 e.
1643 2346 1917 2407 praetoris
1963 2342 2157 2391 urbani
2201 2342 2348 2405 (cum

408 2405 687 2474 aedilicio)
737 2416 794 2457 et
839 2410 1134 2473 peregrini.
1147 2408 1167 2440 ²
1236 2410 1450 2459 Deinde
1499 2425 1628 2460 vero
1668 2410 1962 2473 dupliciter
1998 2411 2121 2459 eius
2158 2412 2346 2474 operis

545 2596 582 2657 ¹)
621 2597 746 2645 Haec
784 2599 907 2645 enim
945 2599 1183 2660 utriusque
1219 2597 1377 2659 operis
1412 2598 1535 2644 inter
1569 2611 1618 2644 se
1656 2598 1774 2644 ratio
1806 2612 1910 2645 esse
1938 2597 2133 2648 videtur.
2185 2597 2258 2643 Cr.
2288 2597 2347 2643 de

409 2664 665 2711 Buchholtz
702 2666 747 2710 in
789 2665 968 2722 Hngon.
1004 2667 1092 2713 civ.
1130 2666 1246 2723 Mag.
1284 2665 1354 2715 vl.
1381 2681 1425 2726 p.
1452 2675 1543 2713 232.
1569 2673 1660 2714 261.
1709 2664 1880 2712 Omisit
1913 2665 2056 2714 Gaius
2091 2664 2136 2711 in
2174 2663 2344 2716 altero,

407 2731 531 2791 quod
568 2733 660 2777 iam
689 2731 776 2776 hac
813 2731 870 2777 de
897 2746 1035 2778 causa
1064 2738 1169 2793 post
1193 2732 1517 2778 Institutiones
1543 2733 1770 2794 scriptum
1808 2747 1910 2779 esse
1936 2731 2228 2778 statuendum
2259 2738 2344 2784 est,

407 2798 829 2858 praemonitionem
868 2798 925 2844 de
960 2798 1060 2844 iure
1096 2798 1304 2855 gentium
1341 2805 1384 2844 et
1420 2799 1564 2852 civili,
1601 2806 1649 2844 ut
1674 2807 1867 2860 apparet
1892 2814 1942 2846 ex
1975 2800 2026 2848 L.
2055 2810 2076 2845 1
2101 2813 2173 2860 pr.
2201 2798 2257 2844 D.
2287 2798 2344 2844 de

408 2879 508 2926 aeq.
540 2879 629 2917 rer.
658 2865 782 2912 dom.
812 2868 894 2924 (41,
923 2861 990 2925 1);
1017 2865 1173 2926 itaque
1197 2871 1343 2911 totum
1371 2866 1621 2912 consilium
1650 2866 1748 2912 eius
1775 2869 1822 2913 in
1851 2867 1939 2913 hoc
1969 2866 2087 2913 libro
2114 2864 2171 2911 ab
2199 2864 2345 2912 Insti-

411 2932 668 2979 tutionibus
692 2932 924 2979 diversum
948 2939 1005 2987 et,
1031 2939 1081 2979 ut
1106 2932 1246 2979 verbo
1273 2933 1447 2987 dicam,
1473 2933 1627 2980 minus
1654 2934 1942 2992 isagogicum
1972 2933 2117 2980 tuisse
2142 2940 2342 2994 oportet.

409 2999 624 3046 Ceterum
646 3000 832 3046 casdem
856 3014 930 3046 res
951 3000 1138 3062 exponit
1158 2999 1296 3047 modo
1317 3000 1461 3047 latius
1482 3008 1526 3047 et
1550 3001 1816 3047 accuratius
1839 3007 2102 3062 mutataque
2128 3000 2345 3061 aliquan-

409 3066 551 3113 tulum
579 3067 877 3113 materiarum
905 3067 1247 3122 distributione,
1287 3082 1344 3114 ne
1369 3068 1568 3115 studiosi
1605 3069 1862 3129 superioris
1888 3067 1998 3116 libri
2026 3067 2344 3114 divisionibus

407 3135 538 3195 quasi
567 3135 682 3181 artis
708 3134 910 3182 vinculis
938 3141 1220 3183 tenerentur.
1272 3135 1387 3182 Nam
1416 3136 1568 3197 primo
1595 3135 1781 3197 quidem
1809 3136 1930 3183 libro
1956 3136 2068 3182 item
2095 3134 2154 3181 de
2179 3148 2346 3196 perso·

408 3215 571 3248 narum
598 3201 700 3248 iure
725 3202 961 3263 exposuit:
1000 3203 1146 3250 altero
1173 3217 1283 3250 vero
1319 3213 1361 3250 et
1390 3203 1526 3251 tertio
1554 3202 1612 3250 de
1636 3203 1752 3256 iure,
1790 3203 1912 3264 quod
1937 3203 1995 3249 ad
2024 3217 2097 3249 res
2124 3202 2341 3263 pertinet,

409 3268 473 3314 ita
510 3275 557 3316 ut
590 3275 735 3316 totum
771 3270 842 3316 ius
870 3270 1204 3318 hereditarium
1231 3270 1532 3332 sequentibus
1558 3270 1695 3318 libris
1736 3269 1809 3330 (ex
1836 3270 2002 3332 quibus
2030 3269 2147 3316 nihil
2175 3283 2343 3331 super-

409 3337 500 3392 est)
537 3344 812 3391 reservaret,
860 3345 904 3384 et
938 3338 1249 3398 obligationes
1283 3338 1465 3400 plenius
1502 3352 1555 3385 ex
1589 3337 1741 3385 tribus
1781 3351 2051 3386 caussarum
2088 3336 2346 3395 generibus

407 3404 659 3453 derivaret.
711 3405 840 3461 Quod
870 3420 979 3453 vero
1018 3420 1091 3454 res
1128 3406 1432 3468 quotidianae
1459 3406 1834 3454 lnstitutionibus
1860 3407 1992 3467 quasi
2028 3405 2227 3452 comites
2253 3404 2345 3451 ad·

407 3471 531 3520 ditae
556 3482 701 3530 erant,
740 3474 877 3521 etiam
918 3475 1200 3521 confirmant
1234 3488 1445 3535 prooem.
1475 3475 1588 3521 Inst.
1616 3471 1669 3535 §-
1696 3483 1737 3521 6.
1769 3481 1813 3520 et
1845 3474 1987 3522 Blum.
2018 3472 2109 3519 tab.
2138 3472 2186 3519 in
2215 3473 2344 3519 Zeit-

409 3537 536 3586 schr.
579 3542 608 3588 f.
653 3542 813 3600 gesch,
852 3541 961 3591 Rw.
999 3541 1069 3589 lV.
1108 3557 1150 3603 p.
1186 3550 1277 3589 266.
1383 3539 1426 3604 ²)
1463 3541 1546 3597 Qui
1575 3547 1734 3603 postea
1771 3542 1862 3589 ead
1889 3540 2124 3588 edictum’
2163 3545 2346 3587 tantum
