2546 3928
298 213 376 268 70
902 226 1023 261 GA11
1057 228 1262 262 msmT:
1302 214 1371 265 11.
1410 215 1610 261 8—14.

290 353 404 424 prie
448 368 658 406 sacrum
703 368 810 406 non
853 359 956 417 est,
1005 360 1180 406 tamen
1223 368 1323 423 pro
1368 367 1521 405 sacro
1556 350 1800 406 habetur.
1889 349 1945 406 8.
1996 352 2232 406 Sanctae

291 527 438 575 sunt.
527 516 584 575 9.
635 519 790 587 Quod
815 528 992 574 autem
1024 521 1206 575 diuini
1233 521 1364 574 iuris
1397 527 1495 588 est,
1531 519 1580 572 id
1616 519 1816 574 nullius
1843 520 1898 573 in
1923 519 2081 574 bonis
2113 529 2228 574 est:

189 609 269 658 56.
287 604 342 658 id
385 620 540 675 uero,
591 604 738 678 quod
781 604 994 659 humani
1048 600 1056 675 1
1112 598 1290 659 ¹iuris
1332 612 1443 670 est,
1485 605 1826 676 plerumque
1872 605 2122 659 alicuius
2167 608 2230 659 in

168 685 195 725 ‘-
225 690 263 725 S·
289 690 448 745 bonis
492 697 575 745 est
590 713 606 753 ,-
646 694 834 760 potest
877 695 1064 743 autem
1109 695 1162 744 et
1207 690 1423 744 nultius
1463 691 1520 743 in
1548 688 1726 743 bonis
1769 703 1922 742 esse.-
1964 706 2099 743 nam
2130 703 2231 742 res

286 774 695 842 hereditariae,
728 781 1034 845 antequam
1062 774 1268 845 aliquis
1291 773 1462 828 lieres
1490 775 1723 839 existat,
1749 772 1964 828 nullius
1985 773 2043 826 in
2068 772 2230 828 bonis

288 865 437 913 sunt.
527 853 618 913 10.
679 858 812 912 Hae
857 864 1045 913 autem
1089 873 1202 927 res,
1253 872 1404 929 quae
1446 858 1684 912 humani
1725 859 1871 911 iuris
1917 864 2065 923 sunt,
2125 864 2229 934 aut

282 943 553 1012 publicae
587 948 720 997 sunt
752 947 853 996 aut
879 944 1172 1012 priuatae.
1263 937 1346 996 11.
1399 941 1560 1008 Quae
1595 938 1872 1011 publicae
1904 948 2056 1010 sunt,
2100 944 2227 994 nul-

284 1029 397 1081 lius
427 1031 483 1081 in
519 1027 678 1080 bonis
708 1040 835 1080 esse
867 1027 1216 1087 creduntur;
1257 1027 1442 1094 ipsius
1485 1029 1630 1081 enim
1662 1026 2061 1081 uniuersitatis
2102 1040 2231 1080 esse

288 1112 627 1165 creduntur.
686 1113 960 1180 priuatae
992 1116 1181 1164 autem
1214 1117 1367 1179 sunt,
1400 1126 1551 1183 quae
1583 1111 1935 1181 sinyulorum
1966 1116 2119 1165 sunt.

412 1190 500 1250 12.
553 1193 846 1261 Quaedam
870 1200 1190 1262 praeterea
1234 1210 1331 1250 res
1362 1197 1706 1265 corporales
1738 1199 1885 1261 sunt,
1938 1195 2225 1265 'quaedam

285 1281 706 1349 incorporales.
812 1273 902 1333 13.
959 1277 1308 1349 Corporales
1346 1280 1458 1334 kae
1504 1286 1653 1347 sunt,
1704 1293 1853 1351 quae
1900 1281 2062 1350 tanyi
2092 1293 2231 1347 pos-

286 1369 436 1428 sunt,
473 1366 652 1419 ueluti
681 1361 902 1433 fundus,
936 1363 1116 1432 hom0,
1155 1364 1604 1432 uestiS,‘aurum,
1638 1368 1940 1434 arqentum
1974 1370 2028 1416 et
2060 1364 2223 1417 deni—

288 1463 393 1521 que
439 1446 571 1503 aliae
612 1464 699 1503 res
742 1447 1199 1506 innumerabiles.
1289 1444 1380 1504 14.
1426 1449 1850 1518 Incorporales
1878 1454 2033 1516 sunt,
2076 1462 2229 1517 quae

286 1534 438 1604 tanyi
481 1548 590 1587 non
631 1539 885 1604 possunt,
933 1534 1130 1605 qualia
1164 1538 1299 1588 sunt
1332 1548 1417 1593 ea.
1452 1547 1603 1605 quae
1638 1535 1695 1586 in
1727 1536 1853 1586 iure
1886 1533 2225 1600 consistunt,
2311 1556 2320 1559 4

284 1621 434 1673 sicut
464 1618 774 1686 hereditaS,
812 1617 1207 1687 ususfructuS,
1242 1618 1611 1688 obliyationes
1639 1633 1866 1688 quoquo
1897 1616 2058 1670 modo
2091 1631 2226 1670 con-

288 1708 533 1756 tractae.
595 1717 703 1755 nec
745 1702 823 1754 ad
863 1717 984 1756 rem
1007 1705 1278 1770 pertinet,
1326 1702 1480 1771 quod
1517 1704 1575 1755 in
1617 1701 1939 1755 hereditate
1972 1715 2067 1754 res
2096 1715 2224 1754 cor·

275 1786 518 1855 porales
560 1787 961 1845 continemur,-
1006 1800 1139 1838 nam
1183 1791 1236 1838 et
1271 1783 1531 1854 fructus,
1576 1785 1671 1855 qui
1703 1799 1780 1839 ex
1814 1783 2005 1854 fundo
2032 1788 2226 1854 perci-

186 1871 540 1939 57.piuntur,
590 1869 932 1937 corporales
962 1873 1110 1937 sunt,
1158 1874 1211 1922 et
1242 1868 1315 1936 id,
1363 1870 1517 1940 quod
1546 1883 1623 1923 ex
1655 1871 1850 1940 aliqua
1898 1869 2226 1940 obliyatione

169 1954 200 1998 ¹·
227 1962 264 1997 S·
285 1953 445 2008 nobis
468 1952 727 2024 debetur,
749 1954 1089 2024 plerumque
1116 1955 1427 2024 corporale
1453 1959 1553 2022 est,
1580 1955 1759 2009 ueluti
1776 1952 2019 2024 funduS,
2043 1953 2226 2018 bomo,

283 2040 533 2108 pecunia
552 2062 566 2091 :
595 2056 729 2093 nam
759 2041 945 2109 ipsum
974 2043 1067 2093 ius
1089 2040 1476 2093 successionis
1509 2048 1562 2093 et
1592 2042 1777 2109 ipsum
1804 2042 1893 2093 ius
1920 2036 2226 2092 utendifru·

287 2121 410 2176 endi
453 2129 507 2177 et
546 2127 732 2191 ipsum
772 2126 864 2177 ius
906 2124 1264 2195 obliqationis
1307 2125 1681 2192 incorporale
1723 2129 1823 2177 est.
1889 2124 2081 2177 eodem
2118 2139 2226 2176 nu-

288 2222 443 2262 mero
487 2213 617 2260 sunt
672 2211 727 2260 et
766 2209 904 2261 iura'
942 2207 1317 2277 praediorum
1362 2208 1718 2262 urbanorum
1761 2213 1816 2261 et
1856 2209 2225 2271 rusticorum,

289 2304 440 2361 quae
483 2292 649 2343 etiam
697 2293 1004 2344 seruitutes
1038 2283 1384 2345 uocantur.²
1623 2325 1652 2328 ψ
1967 2323 1986 2326 -
2085 2321 2174 2327 *w
2213 2323 2218 2324 ff

430 2469 467 2534 ¹)
509 2471 707 2520 Abhinc
741 2468 831 2533 83.
871 2481 1046 2520 9-14.
1084 2473 1351 2521 restitutae
1386 2479 1501 2521 sunt
1536 2488 1605 2520 ea:
1640 2473 1702 2520 L.
1733 2484 1772 2520 1.
1810 2473 1873 2523 D.
1904 2473 1968 2520 de
1995 2487 2097 2523 rer.
2126 2472 2226 2519 div.

291 2534 353 2601 (1,
379 2538 423 2600 8)
451 2542 600 2592 emit.
628 2539 674 2587 Ι.
702 2540 765 2589 de
790 2538 897 2588 reb.
927 2554 1070 2602 corp.
1102 2538 1162 2602 (2,
1189 2536 1260 2602 2).
1336 2538 1379 2602 ²)
1418 2540 1482 2587 In
1509 2556 1581 2588 vv.
1612 2550 1633 2587 Ἰ
1652 2549 1793 2588 -24,
1821 2540 1964 2587 lzuius
1986 2540 2226 2601 paginae,

291 2609 376 2670 qui
404 2608 521 2668 sere
553 2609 836 2669 perierunt,
879 2607 1034 2656 Gaius
1057 2610 1266 2669 primum
1293 2614 1625 2669 exposuerat,
1663 2622 1791 2670 quae
1818 2613 1987 2656 essent
2007 2609 2121 2654 iura
2143 2605 2226 2668 pr.

290 2674 401 2723 urb.
440 2682 490 2723 et
523 2680 665 2731 rust„
703 2681 757 2722 ut
790 2681 1012 2737 apparet
1047 2690 1116 2723 eoe
1152 2674 1293 2737 Epit.
1319 2685 1361 2733 2,
1391 2685 1431 2723 1.
1471 2672 1521 2737 §-
1548 2686 1619 2723 3.:
1657 2674 2045 2738 ‘Incorporalia
2080 2674 2230 2721 etiam

289 2748 405 2790 sunt
432 2744 547 2790 iura
571 2742 899 2803 praediorum
919 2741 1222 2792 urbanorum
1246 2746 1327 2791 uel
1350 2745 1673 2792 rusticorum.
1719 2742 2055 2791 Praediorum
2080 2740 2228 2789 urba-

289 2824 465 2858 norum
499 2812 614 2857 iura
647 2815 764 2858 sunt
785 2810 1064 2871 stillicidia,
1097 2809 1378 2870 fenestrae,
1413 2814 1637 2870 cloacae,
1664 2811 1814 2858 altius
1838 2810 2113 2872 eriyendae
2139 2809 2227 2856 do—

288 2892 393 2925 mus
429 2885 515 2926 aut
547 2892 648 2926 non
673 2878 962 2939 eriyendae‚
1003 2883 1052 2926 et
1076 2878 1319 2934 luminum,
1357 2885 1411 2926 ut
1436 2879 1508 2925 ita
1534 2878 1644 2941 quis
1672 2877 1911 2938 fabricet,
1946 2883 2000 2924 ut
2033 2878 2229 2924 uicinae

289 2945 457 2993 domui
489 2947 647 2993 lumen
683 2961 781 2994 non
815 2947 977 2997 tollat.
1032 2945 1363 2995 Praediorum
1388 2960 1511 2993 uero
1537 2945 1841 2994 rusticorum
1867 2945 1981 2992 iura
2004 2951 2120 2992 sunt
2145 2944 2230 2991 uia

290 3013 371 3059 uel
387 3013 502 3069 iter,
530 3027 626 3074 per
647 3014 784 3075 quod
803 3028 959 3075 pecus
977 3019 1065 3060 aut
1085 3013 1324 3061 animalia
1344 3012 1562 3061 debeant
1581 3012 1837 3061 ambulare
1856 3015 1937 3061 uel
1960 3012 2031 3060 ad
2047 3026 2229 3075 aquarn

289 3080 421 3140 duci,
462 3085 511 3127 et
535 3094 699 3142 aquae
725 3080 930 3128 ductus:
970 3095 1098 3143 quae
1123 3080 1355 3128 similiter
1389 3082 1736 3143 incorporalia
1760 3086 1890 3132 sunt.
1943 3080 2089 3127 Haec
2114 3078 2229 3126 iura

291 3153 389 3194 tam
408 3147 726 3208 rusticorum,
743 3162 886 3211 quam
900 3147 1202 3196 urbanorum
1218 3148 1548 3211 praediorum
1568 3150 1841 3197 seruitutes
1861 3148 2226 3210 appellantur.'

293 3214 491 3262 Deinde
516 3214 588 3262 ad
610 3215 758 3262 aliam
783 3229 951 3263 rerum
976 3216 1267 3265 divisionem
1295 3217 1514 3273 transiit,
1555 3217 1691 3280 quod
1714 3216 1958 3279 quaedam
1983 3230 2070 3263 res
2093 3230 2227 3262 man·

429 3361 476 3431 ἓ.
505 3365 552 3414 8.
581 3359 647 3405 -ὲ
673 3367 736 3414 L.
765 3378 785 3415 1
810 3382 892 3428 pr.
933 3368 994 3414 D.
1032 3368 1095 3415 de
1128 3382 1233 3418 rer.
1260 3368 1359 3416 div.
1388 3364 1449 3430 (1,
1474 3363 1537 3430 8).
1573 3364 1622 3428 S.
1659 3377 1721 3418 10.
1750 3367 1800 3414 I.
1831 3369 1943 3416 eod.
1971 3368 2031 3425 (2,
2059 3367 2119 3426 1).

295 3428 345 3495 ξ.
372 3432 425 3480 9.·
460 3431 540 3495 ef.
571 3431 622 3496 3.
648 3444 686 3482 ⁷.
715 3434 761 3485 Ι.
790 3436 906 3484 eoa.
1014 3430 1104 3500 gg.
1136 3436 1213 3483 10.
1245 3436 1323 3482 11.
1363 3433 1445 3494 cf.
1487 3434 1549 3486 L.
1589 3446 1610 3481 1
1642 3451 1724 3495 pr.
1760 3435 1823 3482 L.
1849 3445 1889 3483 2.
1916 3431 1969 3496 3.
2000 3445 2035 3482 1.
2076 3433 2137 3480 o.
2166 3434 2228 3480 de

296 3501 479 3551 interd.
509 3499 594 3560 (43,
624 3498 683 3561 1).
714 3502 775 3549 L.
799 3512 863 3549 15.
894 3501 958 3549 D.
989 3503 1051 3550 de
1078 3501 1212 3553 verb.
1239 3505 1365 3564 siyn.
1393 3499 1591 3564 (50,-16).
1634 3502 1695 3553 L.
1713 3509 1757 3560 ¹6.
1785 3498 1838 3563 S.
1861 3514 1899 3551 1.
1939 3501 2003 3551 D.
2030 3501 2094 3549 de
2117 3515 2224 3547 rer.

294 3566 391 3615 div.
421 3566 478 3628 (1,
505 3563 568 3629 8).
641 3564 727 3633 ἓξ.
760 3569 989 3616 12—14.
1015 3587 1079 3611 =
1116 3568 1211 3616 Tit.
1243 3568 1291 3621 Ι,
1319 3570 1382 3617 de
1407 3569 1511 3618 reb.
1539 3584 1682 3632 corp.
1709 3565 1775 3629 (2,
1801 3565 1867 3631 2).
