2546 3928
898 224 1023 259 <un
1061 225 1253 260 mswir.
1292 210 1390 259 ΙΙΙ.
1429 213 1663 260 41-42,
2131 212 2249 268 135

319 366 426 423 que
469 349 663 404 licebat
706 349 903 405 liberto
944 356 1232 422 patronum
1280 366 1435 404 suum
1480 351 1533 405 in
1564 357 1892 407 testamento
1923 352 2249 424 praeterire:

318 450 439 488 uam
470 434 544 487 ita
577 433 789 488 demum
821 433 907 488 lex
937 451 1028 490 x11
1063 433 1365 489 tabularum
1398 433 1461 488 ad
1494 434 1848 490 hereditatem
1881 435 2058 491 liberti
2092 452 2251 490 uoca-

315 518 411 573 bat
442 525 754 590 patronum,
798 519 842 572 si
873 519 1165 573 intestatus
1209 527 1460 573 mortuus
1493 526 1640 573 esset
1669 518 1918 590 libertus,
1961 518 2114 574 nullo
2151 536 2250 575 suo

319 602 519 657 herede
560 601 787 657 relicto:
828 603 1012 675 itaque
1057 604 1318 657 intestato
1361 619 1580 675 quoque
1623 612 1840 658 mortuo
1871 602 2090 673 liberto,
2131 605 2176 657 si
2206 604 2251 657 is

319 703 477 742 suum
534 684 788 741 heredem
843 687 1160 759 reliquerat,
1203 686 1335 741 nihil
1377 687 1431 741 in
1477 685 1634 741 honis
1676 689 1792 742 eius
1834 694 2067 760 patrono
2122 689 2251 743 iuris

318 779 466 837 erat3
499 776 551 825 et
583 771 628 824 si
659 770 874 842 quidem
906 771 959 826 In
993 769 1326 826 naturalibus
1348 770 1534 826 liberis
1558 771 1787 844 aliquem
1812 789 1970 827 suum
2002 771 2254 827 heredem

317 855 650 927 reliquisset,
693 854 840 909 nulla
880 854 1166 910 uidebatur
1195 871 1316 910 esse
1349 854 1618 928 querella;
1661 857 1707 910 si
1737 872 1868 911 uero
1912 857 2001 911 uel
2045 856 2254 929 adopti-

321 955 423 994 uus
465 937 605 993 filius
649 936 826 993 filiaue
868 939 956 994 uel
999 957 1154 1009 uxor,
1204 956 1339 1012 quae
1380 942 1435 994 in
1479 956 1640 994 manu
1679 951 1841 1004 esset,
1889 939 2073 1012 '(suus
2104 933 2253 1009 uel)¹

315 1039 415 1078 sua
437 1024 594 1078 heres
620 1030 783 1093 esset,
814 1032 1000 1097 aperte
1032 1026 1273 1097 iniquum
1309 1032 1443 1097 erat,
1475 1025 1608 1079 nihil
1638 1026 1770 1079 iuris
1803 1034 2034 1098 patrono
2067 1041 2256 1098 super·

315 1122 459 1162 esse.
547 1102 635 1162 41.
686 1105 799 1174 Qua
830 1108 896 1162 de
926 1125 1082 1164 eausa
1114 1117 1306 1181 postea
1336 1109 1601 1182 praetoris
1643 1108 1818 1166 edicto
1852 1110 1984 1165 haee
2014 1110 2145 1165 iuris
2175 1110 2255 1163 in-

315 1193 520 1264 iquitas
551 1190 833 1246 emendata
878 1202 991 1248 est:
1035 1195 1151 1247 siue
1194 1194 1336 1248 enim
1379 1193 1534 1248 saciat
1580 1201 1963 1250 testamentum
2005 1192 2250 1263 libertus,

317 1276 538 1331 iubetur
577 1277 651 1330 ita
685 1277 891 1344 testari,
937 1284 996 1330 ut
1026 1285 1256 1349 patrono
1300 1288 1399 1331 suo
1432 1285 1642 1349 partem
1685 1277 1954 1332 dimidiam
1986 1276 2256 1332 bonorum

315 1376 546 1414 suorum
570 1360 860 1431 relinquat,
892 1368 947 1414 et
979 1360 1023 1413 si
1055 1366 1147 1414 aut
1176 1360 1308 1415 nihil
1341 1369 1433 1415 aut
1464 1360 1639 1415 minu‘s
1674 1376 1830 1433 quam
1862 1367 2071 1433 partem
2105 1360 2257 1415 dimi-

318 1443 463 1499 diam
495 1443 799 1515 reliquerit,
840 1441 999 1496 ‹latur
1028 1452 1260 1515 patrono
1294 1451 1481 1499 contra
1512 1444 1720 1499 tabulas
1756 1446 2059 1499 testamenti
2090 1446 2257 1517 partis

319 1528 571 1582 dimidiae
613 1525 879 1581 bonorum
925 1529 1232 1599 possessi03
1278 1528 1322 1581 si
1354 1543 1485 1582 uero
1528 1530 1817 1583 intestatus
1860 1529 2123 1583 moriatur
2157 1545 2258 1584 suo

325 1610 524 1665 herede
555 1609 746 1664 relicto
780 1609 1042 1682 adoptiuo
1075 1609 1185 1666 filio
1220 1607 1356 1684 (uel)
1388 1628 1576 1682 uxore,
1625 1628 1760 1685 quae
1800 1613 1855 1666 in
1899 1627 2059 1667 manu
2089 1614 2258 1685 ipsius

323 1704 490 1763 esset,
535 1693 620 1749 uel
662 1710 824 1764 nuru,
872 1711 1010 1767 quae
1050 1695 1105 1749 in
1147 1711 1310 1750 manu
1352 1694 1444 1751 filii
1492 1698 1606 1751 eius
1650 1696 1829 1767 fuerit,
1887 1695 2045 1752 datur
2089 1713 2261 1770 aeque

317 1785 553 1852 patrono
598 1777 861 1833 aduersus
904 1779 1002 1834 hos
1044 1796 1175 1834 suos
1218 1780 1446 1836 heredes
1490 1782 1660 1854 partis
1707 1781 1953 1837 dimidiae
1991 1780 2258 1838 bonorum

317 1864 615 1939 possessio·
675 1871 907 1935 prosunt
944 1872 1121 1920 autem
1164 1863 1361 1921 liberto
1408 1864 1472 1920 ad
1516 1859 1925 1943 exloludendum
1966 1874 2259 1939 patronum
2277 1875 2393 1925 136.

319 1946 589 2005 naturales
619 1946 793 2020 liberi,
839 1964 945 2005 non
989 1949 1164 2005 solum
1208 1966 1346 2022 quos
1388 1951 1441 2005 in
1483 1958 1756 2024 potestate
1789 1950 1977 2006 mortis
2008 1959 2256 2025 tempore

318 2025 513 2104 hahet,
556 2039 643 2087 set
685 2035 845 2088 etiam
888 2035 1206 2106 emancipati
1248 2042 1304 2089 et
1345 2035 1399 2088 in
1441 2034 1788 2107 adoptionem
1830 2034 1962 2105 dati,
2008 2038 2058 2090 si
2092 2034 2253 2089 modo

319 2119 496 2190 aliqua
527 2133 590 2172 ex
622 2125 780 2189 parte
795 2117 1022 2172 heredes
1047 2118 1237 2189 scripti
1255 2122 1386 2187 sint,
1423 2125 1524 2173 aut
1542 2121 1852 2190 praeteriti
1881 2126 2072 2174 contra
2102 2116 2256 2173 tabu-

150 2212 298 2273 [218]
321 2203 399 2258 las
451 2203 759 2257 testamenti
810 2200 1079 2256 bonorum
1129 2203 1533 2274 possessionem
1585 2219 1649 2257 ex
1701 2202 1880 2258 edicto
1927 2196 2255 2276 petierint:²

316 2303 437 2342 nam
480 2284 789 2341 exheredati
829 2286 979 2342 nullo
1011 2286 1173 2342 modo
1216 2286 1488 2361 repellunt
1517 2296 1824 2361 patronum.
1913 2284 2014 2343 42.
2061 2287 2255 2342 Postea

314 2372 438 2444 lege
469 2370 629 2443 Papia
658 2377 808 2426 aucta
853 2378 979 2425 sunt
1022 2372 1138 2425 iura
1169 2379 1545 2444 patronorum,
1591 2371 1736 2445 quod
1768 2371 1831 2449 ad
1864 2371 2254 2444 locupletiores

314 2455 541 2511 libertos
584 2456 847 2527 pertinet:
892 2464 1108 2510 cautum
1153 2464 1237 2512 est
1280 2458 1421 2511 enim
1453 2472 1514 2510 ea
1546 2456 1687 2527 lege,
1733 2462 1792 2509 ut
1834 2469 1898 2508 ex
1928 2453 2088 2508 honis
2117 2456 2254 2522 eiuS,

316 2541 409 2613 qui
450 2541 824 2594 sestertiorum
875 2556 1229 2594 nummorum
1272 2544 1500 2594 centum
1543 2539 1751 2593 milium
1783 2537 2044 2606 plurisue
2087 2539 2255 2608 patri-

315 2628 560 2680 monium
604 2624 927 2696 reliquerit,
980 2629 1035 2676 et
1076 2623 1362 2694 pauciores
1404 2637 1563 2693 quam
1607 2629 1718 2675 tres
1765 2620 1966 2675 liberos
2011 2619 2253 2692 habehit,

317 2709 436 2764 siue
488 2708 533 2762 is
586 2715 910 2763 testamento
955 2706 1096 2761 sacto
1139 2706 1254 2761 siue
1295 2706 1554 2760 intestato
1599 2712 1845 2760 mortuus
1888 2706 2021 2776 erit,
2082 2704 2253 2760 uirilis

316 2809 442 2867 pars
472 2801 702 2866 patrono
734 2791 1026 2860 debeatur3
1065 2791 1250 2862 itaque
1281 2807 1403 2846 eum
1435 2806 1598 2845 unum
1630 2787 1798 2844 filium
1831 2805 2063 2845 unamue
2094 2788 2256 2845 filiam

460 2956 502 3018 ²)
533 2956 749 3006 Addidi.
822 2953 865 3020 ²)
887 2956 1003 3006 Non
1026 2957 1155 3005 salis
1179 2962 1422 3004 accurate
1448 2956 1542 3005 lzoc
1566 2957 1748 3005 dietum
1773 2962 1867 3015 est,
1895 2957 2046 3019 culpa
2072 2962 2253 3021 tamen,

324 3033 380 3074 ut
405 3026 618 3086 videtur,
646 3025 805 3088 ipsius
843 3023 972 3073 Gaii.
1025 3023 1092 3071 In
1126 3025 1444 3087 emancipato
1478 3038 1636 3088 eoque
1669 3024 1722 3072 in
1756 3024 2078 3088 adoptionem
2111 3027 2252 3089 dato,

321 3095 409 3158 qui
433 3107 612 3142 rursus
647 3093 990 3154 emancipatus
1016 3098 1109 3153 est,
1144 3092 1443 3156 requiritur,
1467 3098 1520 3140 ut
1543 3098 1631 3141 aut
1654 3091 1805 3141 heres
1829 3094 2052 3157 scriptus
2075 3095 2142 3142 sit
2167 3100 2255 3142 aut

316 3163 633 3224 praeteritus
666 3174 708 3208 c.
735 3165 771 3207 t.
800 3158 845 3207 b.
867 3161 1239 3221 possessionem
1272 3162 1561 3223 acceperit,·
1594 3162 1645 3209 in
1669 3175 1729 3210 eo
1753 3175 1894 3224 vero,
1934 3163 2021 3227 qui
2050 3163 2103 3210 in
2127 3162 2256 3210 ado-

317 3230 493 3309 ptione
520 3229 762 3278 extranei
792 3234 897 3285 est,
933 3233 986 3274 uc
1021 3242 1053 3275 a
1088 3228 1314 3275 naturali
1341 3233 1495 3289 patre
1535 3228 1684 3278 heres
1724 3230 1947 3292 scriptus
1972 3232 2064 3288 sit,
2101 3230 2184 3275 cuz·
2205 3231 2255 3274 et

281 3297 424 3360 ipsi
445 3295 700 3346 commisso
735 3309 833 3357 per
856 3262 1005 3342 α’ἶίιιηι
1031 3296 1196 3343 edicto
1221 3310 1265 3343 e.
1295 3302 1329 3347 t.
1356 3295 1401 3344 b.
1427 3298 1684 3357 possessio
1722 3297 1974 3358 competit.
2013 3265 2257 3341 Fortasse

323 3371 485 3412 tamen
513 3365 609 3412 iam
634 3368 753 3411 ante
780 3362 1115 3410 lastinianum
1135 3370 1257 3424 post
1283 3371 1360 3411 aut
1399 3364 1669 3412 exciderat
1694 3376 1855 3410 rursus
1883 3359 2161 3419 emancipati
2190 3354 2267 3405 et.

457 3511 508 3580 ξ
535 3517 617 3567 41
646 3512 788 3578 =3,
818 3527 855 3563 1.
884 3514 935 3564 J.
962 3516 1075 3563 eod.
1114 3513 1195 3575 Cf.
1231 3513 1440 3576 Ulp.29,
1468 3523 1507 3559 1.
1615 3505 1950 3573 §.42.==S.
1979 3514 2020 3554 2.
2060 3503 2109 3550 I.
2139 3504 2253 3553 eod.

325 3583 406 3645 Cf.
432 3583 497 3636 L.
527 3593 588 3632 16.
625 3583 691 3632 D.
719 3584 782 3632 de
807 3597 917 3632 ture
939 3588 1077 3645 patr.
1104 3579 1190 3644 (37,
1218 3582 1310 3644 14).
