2546 3928
901 243 1023 279 olm
1061 244 1259 284 ms'rrr,
1297 231 1367 280 II.
1404 232 1535 280 95-
1558 233 1640 283 97.
2110 231 2227 288 149

298 384 485 443 posse,
526 369 681 423 uelut
721 369 766 423 si
806 369 1100 441 imperator
1141 376 1330 424 noster
1370 370 1662 442 principem
1695 370 1918 424 alicuius
1956 373 2231 444 peregrini

301 452 490 527 populi
522 452 587 508 de
616 469 746 526 paee
767 454 843 508 ita
865 454 1197 527 interroget:
1230 467 1441 510 PAcmr
1468 470 1767 511 rv‘rvnAM
1798 453 2110 511 spo-unns?
2142 456 2231 510 uel

300 539 414 610 ipse
447 537 635 593 eodem
669 535 828 592 modo
859 539 1261 611 interrogetur:
1296 536 1441 609 quod
1473 537 1694 593 nimium
1727 537 1999 593 subtiliter
2029 538 2230 594 dictum

297 629 418 692 est,
464 621 586 689 quia
626 622 671 675 si
713 620 840 694 quid
885 621 1145 676 aduersus
1191 622 1493 694 pactionem
1535 620 1654 693 fiat,
1685 622 1820 676 'non
1865 638 1929 677 ex
1968 623 2231 695 stipulatu

297 706 510 780 agitur,
576 704 671 760 sed
723 706 839 761 iure
892 704 1017 760 belli
1068 722 1155 761 res
1208 705 1533 762 uindicatur.
1645 701 1740 762 95.
1809 706 1951 761 lllud
1998 706 2230 762 dubitari

298 797 504 863 potest,
535 790 582 844 si
614 783 771 862 quis¹
800 786 2231 867 'mm—*—
2252 802 2367 851 153.

2250 877 2282 918 t.
2310 886 2348 918 s.

300 953 399 1014 96.
447 998 461 1012 .
499 1000 512 1012 .
548 999 559 1011 .
596 999 608 1012 .
657 950 663 1033 Ι
712 956 1051 1031 obligentur:
1095 960 1285 1031 utique
1315 974 1443 1014 cum
1485 960 1766 1031 quaeritur
1796 957 1863 1013 de
1892 960 2011 1013 iure
2042 958 2231 1014 Roma·
2253 970 2367 1023 154.

134 1050 282 1111 [232]
305 1059 518 1098 norum.
580 1058 700 1096 nam
741 1045 890 1116 apud
914 1045 1235 1116 peregrinos
1278 1043 1405 1115 quid
1434 1044 1566 1098 iuris
1598 1043 1689 1114 sit,
1733 1043 2066 1116 singularum
2102 1045 2232 1098 ciui·

306 1128 492 1182 tatium
523 1127 641 1181 iura
669 1128 1008 1200 requirentes
1040 1127 1182 1182 aliud
1215 1128 1269 1181 iu
1302 1127 1418 1183 alia
1450 1127 1573 1201 lege
1604 1130 1977 1198 reperiemus,
1997 1121 2020 1161 ²

428 1206 519 1268 9⁸7.
566 1210 622 1265 Si
650 1210 727 1282 id,
760 1210 905 1284 quod
936 1211 1054 1266 dari
1084 1211 1429 1284 stipulamur,
1461 1211 1567 1283 tale
1598 1212 1689 1282 sit,
1721 1220 1782 1266 ut
1813 1211 1926 1266 dari
1961 1228 2070 1268 non
2103 1228 2230 1285 pos-

239 1296 250 1313 '
299 1297 393 1364 sit,
446 1294 652 1350 inutilis
708 1303 792 1350 est
848 1295 1154 1367 stipulatio,
1214 1296 1370 1351 uelut
1409 1296 1454 1350 si
1506 1297 1626 1367 quis
1670 1296 1939 1350 hominem
1982 1295 2230 1366 liberum,

302 1396 463 1452 quern
495 1394 715 1434 seruum
748 1394 868 1433 esse
904 1378 1176 1450 credebat,
1220 1387 1314 1434 aut
1342 1386 1638 1448 mortuum,
1684 1393 1842 1450 quem
1883 1380 2070 1433 uiuum
2112 1394 2232 1435 esse

443 1557 485 1620 ¹)
525 1558 785 1608 Dubitatio
820 1573 878 1607 eo
915 1559 1223 1620 pertinuisse
1256 1558 1471 1616 videtur,
1506 1574 1573 1607 an
1598 1559 1747 1607 etium
1771 1560 1874 1608 alio
1900 1560 2118 1608 eiusdem
2136 1559 2235 1607 lin-

303 1641 438 1689 quae
459 1625 622 1675 ‚verbo
661 1624 758 1687 (L.
784 1638 822 1676 1.
850 1623 903 1687 S.
932 1637 973 1676 3.
1004 1626 1067 1673 D.
1093 1627 1158 1675 de
1181 1624 1318 1677 verb.
1344 1625 1441 1674 obl.
1469 1635 1536 1683 45,
1564 1625 1616 1689 1)
1659 1628 1736 1675 vel
1766 1627 1939 1675 eodem
1981 1629 2111 1675 alius
2143 1628 2235 1675 Iin-

297 1708 434 1756 9uae
460 1692 610 1742 verbo
645 1691 731 1755 (L.
762 1704 801 1741 1.
830 1690 881 1754 S.
906 1703 947 1745 6.
976 1695 1088 1742 eod.
1125 1691 1395 1757 -Tkeophih
1420 1702 1461 1755 8,
1490 1704 1551 1743 15.
1578 1691 1631 1757 S.
1664 1692 1707 1756 1)
1740 1695 2060 1757 respondens
2093 1701 2235 1743 reete

302 1758 571 1824 obligetur,
610 1762 746 1824 quod
772 1762 981 1823 placuit.
1028 1761 1157 1809 Post
1181 1776 1310 1824 quae
1335 1763 1386 1808 in
1406 1763 1616 1824 popina,
1654 1777 1782 1826 quae
1805 1762 1910 1826 leyi
1931 1777 2029 1811 non
2046 1763 2232 1823 potuit,

304 1829 502 1877 dixisse
534 1826 689 1876 Gaius
712 1828 924 1889 videtur,
957 1829 1110 1890 plane
1136 1827 1429 1892 quibusdam
1461 1833 1512 1877 tn
1535 1830 1703 1878 causis
1735 1830 1883 1878 etiam
1908 1830 2109 1879 omnino
2135 1845 2233 1879 non

304 1901 670 1960 interroyatum
705 1894 872 1944 verbis
907 1895 1137 1960 obliyari.
1174 1911 1302 1960 quae
1336 1912 1521 1946 causae
1557 1912 1627 1946 ea:
1660 1897 1804 1960 Epit.
1841 1906 1882 1957 2,
1913 1906 1954 1946 9,
1993 1894 2088 1960 38.
2123 1907 2162 1945 3.
2191 1908 2232 1946 4.

297 1966 541 2027 cognosci
574 1971 824 2026 possunt:
867 1963 1018 2013 ‘Sunt
1050 1972 1101 2013 et
1134 1967 1267 2013 aliae
1300 1963 1655 2028 obliyationes,
1691 1980 1822 2030 quae
1855 1966 1992 2014 nulla
2024 1979 2236 2027 praeee-

300 2033 454 2081 dente
498 2032 900 2096 interrogatione
941 2031 1178 2080 contrahi
1215 2038 1444 2093 possunt,
1487 2033 1544 2080 id
1582 2037 1675 2092 est,
1716 2038 1769 2080 ut
1810 2033 1860 2079 si
1896 2033 2089 2090 mulier,
2131 2035 2235 2080 sive

298 2114 489 2162 sponso
515 2114 652 2149 uxor
672 2098 868 2160 futura,
904 2100 1006 2148 sive
1030 2100 1129 2148 iam
1153 2101 1335 2147 marito
1361 2100 1525 2147 dotem
1550 2099 1707 2147 dieat.
1758 2096 1904 2157 Quod
1925 2105 2024 2146 tam
2049 2098 2112 2145 de
2136 2114 2236 2147 mo-

299 2166 483 2228 bilibus
506 2167 657 2216 rebus
693 2182 835 2230 quam
862 2167 926 2214 de
946 2165 1125 2227 fundis
1141 2167 1263 2226 sieri
1283 2171 1468 2229 potest.
1517 2165 1591 2213 Et
1614 2181 1713 2215 non
1734 2168 1891 2214 solum
1913 2166 1964 2214 in
1990 2163 2086 2212 hae
2109 2165 2232 2214 obli-

296 2235 507 2299 gatione
549 2235 667 2297 ipsa
698 2234 874 2282 mulier
907 2235 1174 2298 obligatur,
1217 2234 1315 2282 sed
1344 2240 1396 2281 et
1427 2239 1580 2296 pater
1604 2234 1721 2282 eius
1753 2238 1805 2282 et
1837 2231 2039 2282 debitor
2076 2232 2237 2296 ipsius

304 2303 542 2362 mulieris,
578 2303 627 2350 si
646 2302 925 2363 pecuniam,
951 2317 1097 2366 quam
1120 2302 1196 2349 illi
1217 2300 1447 2357 debebat,
1484 2316 1673 2364 sponso
1698 2302 1988 2351 creditricis
2012 2302 2122 2363 ipse
2146 2302 2233 2351 de·

301 2369 441 2418 bitor
473 2371 524 2417 in
559 2370 723 2418 dotem
754 2369 969 2419 dixerit.
1013 2368 1129 2418 Hae
1154 2374 1343 2417 tantum
1367 2375 1476 2417 tres
1505 2384 1762 2431 personae
1787 2371 1923 2417 nulla
1945 2371 2236 2431 inter-roya-

305 2438 444 2484 tione
473 2437 816 2499 praecedente
846 2442 1061 2499 possunt
1093 2437 1314 2485 dictione
1349 2437 1486 2485 dotis
1524 2437 1741 2499 leyitime
1775 2435 2006 2498 obligari.
2080 2435 2235 2482 Aliae

305 2518 426 2553 vero
450 2518 707 2567 personae
728 2504 777 2552 si
809 2518 907 2566 pro
931 2504 1135 2551 muliere
1161 2503 1327 2550 dotem
1354 2503 1462 2550 viro
1485 2501 1830 2564 promiserint,
1865 2502 2106 2549 communi
2127 2503 2235 2547 iure

301 2571 525 2635 obliqari
547 2569 746 2628 debent,
781 2572 839 2619 id
862 2577 954 2628 est,
992 2577 1046 2617 ut
1080 2576 1129 2617 et
1152 2571 1473 2630 interrogata
1507 2568 1871 2630 respondeant,
1908 2573 1956 2615 et
1988 2568 2236 2630 stipulata

303 2640 619 2702 promittant.
669 2633 723 2702 S.
749 2648 790 2686 4.
828 2637 958 2685 Item
982 2644 1032 2685 et
1056 2637 1157 2684 alio
1182 2651 1320 2691 casu,
1354 2650 1451 2683 uno
1477 2636 1709 2698 loquente
1743 2641 1793 2682 et
1815 2635 1924 2683 sine
1948 2635 2237 2697 inter-roya-

305 2707 445 2754 tione
478 2708 570 2754 alii
599 2707 924 2768 promittente
957 2703 1282 2753 contrahitur
1314 2702 1570 2764 obliyatl‘o,
1611 2703 1669 2751 id
1701 2708 1794 2758 est,
1827 2704 1875 2750 si
1903 2701 2112 2751 libertus
2137 2717 2236 2764 pa-

304 2780 457 2823 trono
490 2780 578 2822 aut
612 2774 793 2821 donum
828 2777 913 2820 aut
947 2785 1119 2819 munus
1144 2777 1231 2819 aut
1254 2783 1445 2833 operas
1467 2784 1523 2818 se
1548 2771 1780 2817 daturum
1804 2784 1915 2818 esse
1939 2771 2150 2818 iuravit:
2185 2770 2238 2816 in

305 2856 408 2905 qua
431 2856 489 2889 re
514 2841 802 2902 supradicti
822 2838 993 2888 liberti
1026 2853 1125 2888 non
1149 2844 1249 2886 tam
1272 2836 1537 2887 verborum
1558 2838 1879 2896 solennitate,
1915 2852 2059 2901 quam
2084 2837 2239 2885 iuris-

310 2909 520 2956 iurandi
548 2908 792 2969 reliyione
825 2910 1125 2958 rete‘nentur.
1180 2904 1289 2954 Sed
1322 2905 1459 2953 nulla
1491 2904 1658 2953 altera
1683 2919 1908 2967 persona
1941 2904 2034 2952 hoc
2058 2905 2238 2953 ordine

308 2974 530 3039 obligari
548 2977 760 3036 potest.'
800 2973 889 3023 Ea:
906 2975 1089 3022 ultimis
1107 2972 1272 3022 verbis
1290 2973 1543 3022 conticere
1562 2974 1694 3033 lieet,
1727 2972 1900 3022 Gaium
1918 2971 2049 3021 hanc
2068 2973 2241 3036 dispu·
2268 2985 2273 2990 ·

309 3044 550 3091 tationem
573 3042 647 3090 ita
668 3041 784 3102 fere
808 3042 1111 3091 absolvisse:
1138 3040 1264 3089 ‘His
1287 3055 1408 3091 vero
1432 3040 1600 3089 causis
1624 3041 1858 3102 eaeeeptis
1878 3047 2240 3105 praeterquam

309 3126 381 3158 em
404 3110 805 3173 interrogatione
841 3116 891 3157 et
922 3111 1254 3172 responsione
1287 3107 1549 3157 verborum
1583 3107 1822 3170 obligatio
1848 3124 1946 3158 non
1981 3110 2240 3159 contrahi-

309 3186 412 3234 tur,
445 3179 577 3226 adeo
603 3178 816 3241 quidem,
853 3183 907 3224 ut
932 3179 1018 3240 qui
1039 3192 1138 3225 non
1160 3178 1469 3240 interrogati
1489 3177 1874 3239 responderint,
1908 3185 1995 3225 aut
2018 3177 2243 3225 interro-

308 3246 421 3307 9ati
445 3252 632 3294 tantum
657 3245 946 3300 adnuerint,
974 3260 1037 3293 ne
1062 3246 1258 3293 omnino
1287 3245 1481 3307 quidem
1507 3245 1808 3305 obligentur.’
1858 3244 1937 3306 Cf.
1965 3244 2028 3293 L.
2053 3255 2090 3292 1.
2118 3242 2172 3305 3.
2198 3253 2239 3293 2.

314 3313 374 3360 D.
403 3313 466 3361 de
491 3311 627 3361 verb.
654 3311 752 3361 obl.
782 3308 870 3376 (45,
897 3309 957 3373 1).
1031 3309 1072 3374 ²)
1111 3310 1353 3376 Sequitur
1377 3313 1509 3360 linea
1533 3328 1707 3360 vacua.

314 3475 376 3512 lt.
401 3474 451 3512 41
490 3462 581 3524 (cf.
607 3476 645 3525 1,
669 3459 759 3527 24).
802 3463 903 3513 Cic.
940 3479 1040 3526 pro
1069 3461 1235 3512 Balbo
1262 3472 1327 3513 12.
1367 3460 1422 3524 3.
1446 3472 1512 3510 29.
1650 3458 1702 3525 §-
1732 3460 1813 3508 97.
1851 3458 1932 3520 Cf.
1958 3458 2025 3505 L.
2052 3469 2090 3506 1.
2117 3452 2169 3521 S.
2197 3468 2238 3510 9.

316 3530 634 3661 ξίφᾱεφοξὲ.)
657 3544 705 3579 ez
743 3536 841 3579 act.
881 3529 967 3594 (44,
1008 3528 1070 3593 7).
1108 3529 1252 3592 Epit.
1288 3539 1340 3588 2,
1376 3538 1417 3576 9.
1454 3525 1506 3588 S.
1544 3538 1586 3574 5.
1623 3524 1718 3590 SS.
1759 3536 1795 3572 1.
1834 3535 1876 3577 2.
1928 3524 1975 3572 I.
2017 3525 2081 3572 de
2116 3526 2239 3572 inut.

434 3638 442 3645 .
523 3636 537 3661 ‚
644 3634 655 3645 .
