2546 3928
219 1396 333 1446 191.

233 1470 267 1512 t.
292 1478 331 1512 S.

348 246 469 302 182
927 262 1043 297 GA11
1079 264 1283 302 xusm'r.
1314 250 1416 299 IV.
1460 252 1687 299 11—13.

345 396 406 442 ut
459 386 802 442 manifestum
857 385 979 458 fiat,
1026 404 1162 459 opus
1209 391 1324 457 est,
1369 397 1430 442 ut
1472 389 1620 460 prius
1664 388 1730 443 de
1785 388 1920 461 legis
1973 389 2292 444 actionibus
2315 395 2454 464 [265]

345 472 646 545 loquamur.
1576 477 1579 480 '

474 554 555 614 11.
605 555 882 626 ActioneS,
906 571 1039 628 quas
1072 557 1124 610 in
1156 572 1256 610 usu
1288 563 1502 611 ueteres
1527 555 1844 626 hahuerunt,
1879 545 2016 630 legis
2040 558 2295 612 actiones

347 638 778 714 appellabantur,
822 639 908 695 uel
955 639 1075 693 ideo
1121 640 1265 713 quod
1309 638 1522 713 legibus
1567 640 1815 714 proditae
1859 649 2035 710 erant,
2077 642 2295 714 quippe

352 734 480 780 tunc
520 723 691 780 edicta
734 725 1035 797 praetoriS,
1084 724 1279 797 quihus
1323 724 1611 798 conplures
1654 726 1895 780 actiones
1937 724 2291 780 introductae

348 816 495 877 sunt,
529 808 767 863 nondum
799 809 852 863 in
884 824 986 862 usu
1019 807 1372 879 habebantur,
1405 804 1494 863 uel
1523 808 1648 863 ideo
1673 809 1801 882 quia
1830 810 2070 882 ipsarum
2101 808 2290 882 legum

349 892 529 947 uerbis
562 891 996 948 accommodatae
1029 900 1180 947 erant
1213 902 1267 952 et
1301 892 1420 947 ideo
1451 892 1814 949 immutabiles
1856 892 2085 965 proinde
2117 901 2291 965 atque

349 977 501 1050 leges
557 976 1021 1032 obseruabantur:
1078 977 1218 1031 unde
1263 993 1388 1033 cum
1433 978 1525 1050 qui
1569 977 1635 1032 ‹le
1679 977 1880 1033 uitihus
1912 979 2158 1033 succisiis
2205 978 2288 1032 ita

352 1063 579 1133 egisset,
624 1068 686 1115 ut
728 1061 782 1113 in
827 1062 1036 1115 actione
1081 1062 1223 1116 uites
1265 1062 1585 1131 nominaret,
1645 1078 1968 1135 responsum
2013 1070 2116 1132 est,
2158 1078 2291 1116 eum

350 1160 465 1199 rem
495 1143 814 1216 perdidisse,
848 1144 974 1216 quia
1005 1143 1280 1200 debuisset
1311 1145 1532 1200 arbores
1566 1147 1864 1217 nominare,
1908 1162 1973 1201 eo
2007 1144 2152 1219 quod
2194 1145 2291 1201 lex
2337 1150 2359 1164 ⁶

349 1243 442 1283 ΧΠ
484 1227 810 1298 tabularum,
857 1244 920 1282 ex
963 1245 1067 1301 qua
1108 1228 1174 1283 de
1224 1228 1426 1284 uitibus
1472 1230 1694 1285 succisis
1745 1232 1886 1285 actio
1942 1236 2289 1303 conpeteret,

343 1311 678 1387 'generaliter
706 1312 773 1367 de
805 1311 1088 1367 arboribus
1120 1315 1343 1369 succisis
1374 1313 1714 1386 loqueretur.
1788 1310 1877 1369 12.
1926 1312 2070 1387 Lege
2102 1322 2290 1368 autem

356 1396 616 1469 agebatur
645 1396 817 1451 modis
858 1388 866 1473 Ι
908 1398 1166 1470 quinque,
1198 1406 1557 1467 sacramente,
1601 1414 1700 1469 per
1728 1398 1923 1453 iudicis
1954 1398 2292 1471 postulatio-

353 1498 496 1551 nem,
541 1498 640 1553 per
680 1481 1098 1551 condictionem,
1140 1499 1240 1555 per
1269 1498 1457 1537 manus
1499 1483 1869 1552 iniectionem,
1908 1498 2006 1554 per
2037 1483 2293 1555 pignoris

349 1567 669 1639 captionem.

477 1644 565 1705 13.
602 1649 932 1705 Sacramenti
964 1652 1105 1706 ectio
1140 1651 1408 1723 generalis
1443 1657 1584 1707 erat:
1618 1652 1687 1706 de
1719 1649 1916 1723 quihus
1947 1651 2087 1705 enim
2119 1649 2292 1703 rebus

352 1742 412 1788 ut
455 1734 612 1788 aliter
653 1741 929 1805 ageretur,
971 1733 1094 1807 lege
1138 1743 1352 1790 cautum
1396 1752 1503 1789 non
1537 1742 1672 1804 erat,
1719 1734 1784 1789 de
1818 1735 1904 1789 his
1945 1742 2292 1790 sacramento

354 1815 649 1888 agebatur:
682 1832 852 1889 eaque
885 1819 1025 1872 actio
1057 1818 1282 1889 perinde
1313 1818 1625 1890 periculosa
1663 1825 1779 1873 erat
1813 1818 2103 1891 falsiloquo
2143 1834 2291 1888 pro-

350 1907 485 1972 pter
534 1894 1188 1974 iusiurandum¹‘atque
1232 1901 1338 1957 hoc
1380 1908 1628 1977 ternpore
1670 1902 1971 1977 periculosa
2014 1909 2096 1957 est
2139 1903 2291 1955 actio

355 1993 531 2040 certae
574 1985 809 2040 creditae
841 1987 1097 2059 pecuniae
1138 1993 1366 2059 propter
1396 1988 1769 2060 sponsionem,
1792 1988 1913 2061 'qua
1944 1986 2295 2061 periclitatur

352 2086 496 2140 reuS,
544 2072 591 2125 si
634 2082 835 2125 temere
876 2078 1065 2144 neget,
1111 2067 1203 2142 (et)
1246 2071 1732 2145 restipulationem,
1791 2089 1895 2144 qua
1945 2071 2298 2145 periclitatur

354 2162 525 2225 actor,
571 2156 615 2209 si
659 2171 769 2210 non
816 2153 1054 2210 debitum
1096 2162 1268 2228 petat:
1314 2172 1434 2210 nam
1478 2157 1569 2228 qui
1616 2157 1796 2211 uictus
1843 2164 1977 2226 erat,
2021 2171 2298 2210 summam

356 2239 674 2292 sacramenti
705 2232 1015 2310 praestabat
1045 2255 1252 2312 poenae
1284 2240 1528 2307 nomine3
1576 2255 1751 2312 eaque
1781 2241 1837 2294 in
1865 2239 2157 2312 publicam
2191 2256 2296 2298 ce·

354 2321 515 2376 dehac
551 2323 911 2393 praedesque
944 2338 1008 2376 eo
1041 2324 1255 2377 nomine
1289 2325 1527 2395 praetori
1558 2323 1860 2394 dabantur,
1909 2341 2015 2379 non
2050 2332 2109 2379 ut
2141 2341 2298 2380 nunc

494 2520 534 2583 ¹)
572 2520 659 2571 Sic
693 2537 822 2570 nnnc
858 2522 979 2578 ede,
1024 2521 1075 2570 in
1122 2521 1245 2570 Cod.
1288 2524 1344 2570 id
1386 2524 1522 2586 quod
1559 2523 1793 2585 proxime
1836 2523 1906 2570 ad
1937 2519 2120 2569 Seked.
2165 2534 2295 2582 spe-

354 2592 478 2640 ciem
513 2590 759 2639 accedere
793 2590 992 2638 videtur·
1026 2605 1118 2638 nec
1150 2590 1239 2638 Vst
1264 2592 1585 2646 adversatur,
1621 2590 1862 2653 scriptum
1891 2587 2054 2648 fuisse
2088 2602 2299 2650 ponens

361 2669 549 2772 salsilog
575 2694 644 2772 pp
670 2705 726 2759 Τι’
764 2707 841 2767 Cf.
868 2714 1049 2771 postea
1074 2715 1265 2771 propter
1289 2710 1608 2771 sponsionem.
1638 2707 1748 2756 Iam
1772 2708 1850 2756 ed.
1871 2716 1928 2762 2.,
1954 2703 2041 2768 zan·
2064 2707 2299 2767 scripse·

356 2791 466 2824 ram
494 2779 632 2825 ‘salsi
666 2776 1002 2826 iurisiurandi
1034 2777 1276 2836 nomine',
1315 2779 1511 2824 notavi:
1558 2775 1714 2824 Gaius
1749 2777 1876 2823 enim
1900 2788 2061 2836 neque
2087 2774 2296 2821 omnino

357 2850 724 2893 sacramentum
766 2844 890 2906 quid
930 2848 1091 2903 esset,
1135 2858 1235 2892 non
1279 2845 1573 2904 explicare,
1617 2857 1776 2906 neque
1811 2843 2061 2904 negotium
2095 2841 2147 2887 in
2192 2841 2300 2889 hac

357 2915 556 2961 actione
578 2913 856 2975 periculum
882 2925 1081 2967 creans,
1110 2912 1191 2958 cui
1216 2926 1286 2958 ex
1308 2911 1388 2958 sui
1412 2911 1652 2974 temporis
1676 2912 1785 2958 iure
1810 2910 2131 2971 sponsionem
2156 2923 2299 2957 com-

353 2987 531 3040 parat,
567 2995 667 3028 non
706 2981 1056 3029 demonstrare
1087 2978 1268 3040 potuit,
1321 2978 1395 3024 De
1420 2992 1478 3026 re
1504 2977 1572 3037 cf.
1600 2976 1704 3026 Cic.
1730 2978 1793 3025 de
1827 2977 1919 3040 off.
1946 2986 1987 3033 3,
2014 2985 2083 3024 29.
2114 2973 2167 3038 3.
2198 2986 2297 3030 106,

358 3053 406 3094 et
433 3047 628 3096 omnino
656 3048 799 3095 Danz
826 3047 920 3093 der
944 3047 1145 3093 saer-ale
1171 3043 1373 3102 Schutz,
1399 3047 1613 3093 maxime
1639 3061 1690 3108 p.
1717 3055 1785 3093 99.
1811 3051 1860 3092 et
1886 3059 1931 3094 c.
1957 3055 1999 3092 4.

491 3210 542 3280 ξ.
584 3215 660 3262 11.
699 3213 779 3276 Cf.
811 3213 873 3260 L.
897 3223 938 3264 2.
973 3210 1029 3276 8.
1056 3223 1096 3261 6.
1138 3213 1207 3260 D.
1234 3214 1298 3261 de
1333 3215 1460 3277 orig.
1496 3214 1590 3267 ίαν.
1628 3211 1690 3276 (1,
1717 3212 1781 3269 2).
1841 3214 1999 3262 Varr.
2025 3213 2089 3260 de
2131 3213 2189 3262 L.
2231 3213 2296 3265 L.

355 3293 396 3339 6,
424 3293 489 3332 71.
531 3283 590 3332 de
615 3282 788 3331 ultibus
816 3277 973 3343 succ.]
1011 3281 1080 3342 cf.
1108 3280 1246 3328 Plin.
1275 3290 1339 3340 14,
1366 3292 1389 3330 1
1413 3297 1493 3344 pr.
1534 3282 1595 3330 L.
1621 3291 1689 3331 28.
1723 3279 1779 3343 8.
1805 3290 1848 3330 6.
1891 3281 1953 3332 D.
1981 3280 2044 3328 de
2076 3281 2301 3332 iureiur.

362 3352 448 3409 (12,
476 3346 542 3412 2).
590 3349 687 3398 Tit.
716 3350 781 3398 D.
809 3347 919 3400 arb.
951 3348 1082 3410 furt.
1110 3362 1245 3398 caea.
1272 3346 1361 3410 (47,
1388 3347 1449 3410 ⁷).
1587 3344 1637 3414 ξ.
1668 3350 1745 3402 12,
1783 3343 2005 3411 sacram]
2045 3344 2140 3410 88.
2174 3357 2304 3396 13—-

360 3428 424 3469 17.
461 3435 507 3480 p.
537 3418 629 3467 iud.
658 3413 807 3479 post.]
835 3417 942 3464 eius
968 3416 1227 3478 expositio
1251 3417 1423 3477 periit.
1473 3431 1555 3479 per
1579 3413 1810 3477 condiet]
1847 3414 1942 3478 33.
1967 3423 2153 3463 18-20.
2211 3431 2307 3478 per

362 3499 487 3535 man.
524 3479 634 3548 ini]
676 3482 769 3546 88.
804 3492 1010 3532 21-25,
1062 3498 1146 3546 per
1179 3485 1308 3546 pign.
1347 3487 1491 3546 capt.]
1529 3481 1620 3546 88.
1656 3493 1859 3536 26—29.
1995 3478 2046 3547 ξ.
2088 3484 2169 3531 13.
2210 3481 2304 3543 Cf.

360 3550 502 3609 infra
522 3549 615 3612 33.
631 3562 714 3599 171.
727 3560 817 3599 180.
846 3550 895 3597 F
892 3557 983 3599 est.
1004 3567 1046 3599 v.
1064 3550 1463 3611 Sacramentum,
1485 3551 1815 3600 Sacramenta
1832 3567 1887 3614 p.
1901 3560 1992 3599 344.
2030 3549 2209 3598 Varro
2234 3552 2307 3599 de

365 3615 428 3660 L.
460 3615 517 3666 L.
544 3626 585 3674 5,
613 3626 677 3666 36.
716 3614 761 3680 S.
797 3625 885 3665 180.
922 3627 963 3673 6,
990 3627 1028 3671 7.
1064 3615 1117 3679 S.
1148 3627 1212 3666 74.
1261 3618 1351 3665 Fr.
1379 3621 1473 3682 leq.
1500 3625 1668 3681 repet.
1693 3635 1737 3672 υ.
1763 3628 1814 3666 24
1838 3617 1950 3678 (Kl.
1974 3633 2027 3680 p.
2056 3614 2145 3679 40).
2186 3617 2306 3670 Cic.
