2546 3928
348 212 468 269 134
931 226 1053 261 αΔῙῙ
1089 227 1283 264 msnr.
1324 213 1422 265 ΙΙΙ.
1460 214 1695 262 35-40.

341 351 554 408 casibus
597 349 914 407 beneficium
956 353 1070 406 eius
1112 352 1166 407 in
1210 367 1275 406 eo
1318 351 1438 406 solo
1471 351 1687 406 uidetur
1729 351 1954 424 aliquam
1986 352 2293 408 utilitatem

341 438 570 504 habere,
614 438 769 506 quod
794 437 856 498 is,
904 437 994 508 qui
1036 437 1117 491 ita
1159 434 1425 490 bonorum
1464 437 1865 509 possessionem
1907 438 2068 508 petit,
2110 439 2295 491 inter·

343 520 509 591 dieto,
567 521 720 575 cuius
777 521 1096 593 principium
1149 528 1231 575 est
1288 534 1541 583 QVORVM
1581 534 1894 589 BONORVM,
1951 522 2032 575 uti
2079 523 2291 593 possit,

342 606 497 660 cuius
540 603 809 660 interdicti
853 621 994 676 quae
1037 605 1108 659 sit
1140 604 1364 675 utilitaS,
1409 620 1510 658 suo
1555 604 1677 659 loco
1710 620 2105 677 proponemus:
2146 605 2293 660 alio·

344 691 472 761 quin
526 697 734 743 remota
780 704 1000 761 quoque
1042 687 1309 743 honorum
1364 690 1712 760 possessione
1757 687 1819 742 ad
1865 704 1960 743 eos
2003 689 2292 745 hereditas

340 773 581 846 pertinet
615 773 732 827 iure
761 772 924 828 ciuili.
2267 790 2274 794 ·

467 853 564 914 35.
612 856 859 912 Ceterum
905 873 1065 929 saepe
1107 855 1425 930 quibusdam
1467 857 1538 911 ita
1572 856 1729 911 datur
1758 856 2026 912 bonorum
2058 873 2291 929 posses·

343 943 445 1011 sio,
480 950 539 996 ut
568 943 636 1012 is,
669 942 754 997 cui
785 940 908 996 data
937 941 1029 1012 sit,
1062 938 1215 1013 (non)
1250 941 1494 1012 optineat
1523 939 1906 1009 hereditatem3
1938 957 2076 1013 quae
2104 940 2290 998 bono-

341 1042 459 1080 rum
500 1025 778 1096 possessio
822 1023 1022 1080 dicitur
1063 1027 1179 1080 sine
1210 1040 1288 1082 re.
1376 1020 1473 1081 36.
1525 1025 1660 1079 Nam
1695 1027 1740 1080 si
1773 1023 1922 1079 uerbi
1954 1026 2127 1098 gratia
2154 1027 2285 1080 iure

342 1109 486 1163 sacto
539 1115 866 1163 testamento
920 1107 1076 1163 heres
1126 1111 1411 1164 institutus
1464 1111 1699 1164 creuerit
1750 1109 2123 1181 hereditatem,
2175 1110 2283 1164 sed

340 1193 609 1247 honorum
659 1193 1059 1265 possessionem
1114 1192 1408 1248 secundum
1459 1193 1670 1248 tabulas
1724 1195 2036 1249 testamenti
2087 1201 2286 1265 petere

340 1276 598 1348 noluerit,
644 1283 935 1332 contentus
966 1293 1053 1349 eo,
1098 1276 1243 1351 quod
1276 1279 1394 1332 iure
1424 1278 1575 1333 ciuili
1602 1279 1760 1333 heres
1793 1278 1884 1348 sit,
1925 1277 2286 1333 nihilominus

339 1364 395 1433 ii,
430 1363 522 1434 qui
553 1361 704 1417 nullo
736 1361 882 1417 facto
914 1368 1238 1417 testamento
1281 1361 1345 1416 ad
1375 1363 1617 1417 intestati
1648 1360 1788 1416 bona
1820 1369 2102 1433 uocantur,
2146 1378 2282 1435 pos-

341 1453 469 1501 sunt
499 1453 685 1518 petere
715 1445 981 1501 honorum
1014 1447 1448 1519 possessionen13
1494 1444 1587 1500 sed
1620 1448 1736 1501 sine
1779 1462 1836 1501 re
1868 1445 1934 1500 ad
1973 1462 2067 1501 eos
2098 1445 2284 1502 ’here-

342 1525 515 1586 ditas¹
558 1531 816 1603 pertinet,
860 1547 980 1585 cum
1012 1538 1339 1586 testamento
1370 1531 1607 1603 scriptus
1642 1531 1798 1585 heres
1831 1531 2085 1585 euincere
2117 1532 2282 1586 here-

341 1616 560 1671 ditatem
592 1616 785 1686 possit.
875 1610 967 1670 37.
1018 1615 1159 1669 idem
1181 1615 1313 1669 iuris
1340 1623 1445 1684 est,
1476 1615 1522 1669 si
1552 1616 1812 1670 intestato
1838 1615 2020 1686 aliquo
2053 1610 2280 1670 mortuo

341 1716 471 1754 suus
505 1700 662 1754 heres
695 1698 944 1755 noluerit
975 1706 1177 1771 petere
1209 1696 1483 1755 bonorum
1509 1703 1943 1770 possessionem,
1978 1703 2278 1776 con-tentus

341 1784 581 1854 legitimo
612 1786 769 1837 iure.-
810 1800 945 1837 nam
976 1790 1033 1837 et
1062 1791 1257 1855 agnato
1303 1784 1562 1854 competit
1604 1783 1817 1856 quidem
1850 1782 2112 1838 bonorum
2146 1799 2281 1856 pos-

340 1858 564 1935 sessi0,²
605 1864 699 1919 sed
730 1866 845 1920 sine
877 1882 958 1936 re,
1003 1882 1122 1920 cum
1155 1866 1329 1920 euinci
1363 1866 1631 1923 hereditas
1664 1868 1727 1924 ab
1758 1882 1862 1923 suo
1895 1866 2092 1922 herede
2123 1868 2278 1940 ’pos-

339 1953 425 2007 sit.
488 1957 541 2006 et
572 1942 744 2008 huic³
776 1951 1187 2021 conuenienter,
1230 1952 1276 2005 si
1306 1949 1369 2005 ad
1402 1960 1657 2024 agnatum
1701 1953 1816 2008 iure
1847 1950 1992 2007 ciuili
2027 1953 2274 2024 pertinet
2296 1950 2442 2025 [217]

339 2035 626 2105 hereditas,
674 2044 728 2091 et
759 2036 845 2091 hio
874 2035 1066 2090 adierit
1094 2034 1470 2106 hereditatem,
1515 2037 1609 2091 sed
1654 2037 1925 2093 bonorum
1955 2042 2279 2107 possessio-

339 2137 465 2177 nem
498 2129 684 2193 petere
714 2120 974 2191 noluerit,
1018 2120 1091 2176 'et
1121 2113 1242 2175 sit-⁴
1289 2121 1409 2192 quis
1442 2136 1504 2175 ex
1537 2122 1795 2194 proximis
1827 2115 2140 2194 ’cognatisf’
2179 2139 2286 2195 pe-

340 2207 506 2274 tierit,
550 2206 663 2259 sine
706 2220 763 2258 re
798 2203 1015 2259 habebit
1045 2204 1317 2259 honorum
1351 2206 1749 2277 possessionem
1790 2213 2019 2279 propter
2048 2204 2282 2261 eandem

339 2290 625 2342 rationem.
722 2283 821 2342 38.
881 2287 1021 2342 Sunt
1060 2296 1114 2343 et
1155 2288 1243 2342 alii
1298 2288 1510 2361 quidam
1556 2288 1756 2343 similes
1800 2305 1988 2360 casuS,
2040 2306 2281 2362 quorum

207 2386 320 2435 135,
342 2372 558 2443 aliquos
595 2366 604 2449 Ι
644 2372 925 2444 superiore
956 2374 1341 2428 commentario
1375 2367 1738 2428 tradidimuS.⁶

464 2451 564 2513 39.
612 2455 763 2512 Nunc
804 2454 869 2510 de
911 2454 1227 2511 libertorum
1272 2456 1429 2513 honis
1474 2456 1769 2513 uideamus,
1855 2455 1963 2515 40.
2005 2457 2140 2513 Olim
2172 2459 2282 2514 ita-

474 2652 514 2718 1)
552 2656 731 2705 Fuerit
758 2655 800 2707 b.'
821 2671 867 2719 p.
896 2653 983 2718 (=
1002 2656 1233 2706 honorum
1251 2653 1516 2719 possessio)
1543 2671 1673 2720 quae
1700 2664 1819 2706 nota
1844 2657 1969 2706 abiit
1992 2658 2044 2705 in
2066 2658 2280 2708 similem

341 2725 424 2773 h't.
496 2721 540 2781 ²)
579 2722 734 2782 Nota,
762 2726 907 2773 aliud
927 2738 1019 2773 suo
1044 2724 1249 2785 herede,
1291 2725 1436 2771 aliud
1452 2726 1772 2786 prooeimiore
1806 2732 1992 2788 agnato
2018 2726 2282 2784 eaeistenoe

337 2792 464 2839 iuris
484 2790 677 2851 fuisse,-
702 2791 786 2839 illo
812 2805 933 2840 casu
959 2790 1237 2840 vocabatur
1260 2806 1294 2839 a
1315 2797 1562 2853 praetore
1581 2793 1851 2854 proximus
1874 2797 2093 2855 aynatus
2119 2793 2281 2841 ‘unde

339 2859 590 2923 legitimi&
626 2860 762 2907 inter
796 2872 883 2908 eos
918 2860 1046 2910 enim
1077 2873 1201 2907 suus
1237 2857 1386 2907 heres
1421 2873 1520 2907 non
1556 2866 1688 2921 erat,
1725 2861 1808 2907 cui
1828 2861 1917 2909 Iex
1939 2859 2279 2909 hereditatem

341 2942 438 2974 non
464 2927 683 2976 dederat
701 2927 798 2976 sed
812 2931 1002 2977 tantum
1022 2942 1122 2976 non
1146 2927 1438 2979 ademeram
1461 2926 1556 2974 tzoc
1573 2923 1694 2974 rasit
1714 2928 1882 2990 yradu
1907 2929 2149 2976 remotior
2172 2942 2280 2976 non

339 2994 616 3042 vocabatur
642 2993 725 3056 (3.
749 2992 837 3056 28).
944 2991 990 3058 ³)
1030 2992 1270 3042 Correaei.
1318 2999 1470 3057 potest
1496 2999 1540 3040 et
1564 2994 1681 3042 ittud
1720 2994 1771 3042 G.
1806 2996 1942 3056 edd„
1973 2996 2181 3053 factum,
2220 3004 2283 3043 ut

337 3066 475 3122 puto,
504 3075 573 3109 ecc
596 3063 708 3123 p'sit
733 3068 777 3108 et
801 3062 931 3122 huic,
959 3066 1146 3110 mutato
1166 3060 1380 3124 primum
1406 3075 1428 3107 s
1453 3062 1504 3109 in
1531 3062 1576 3118 ὃ,
1607 3068 1725 3124 post
1750 3064 1887 3125 quod
1909 3064 1946 3111 it
1969 3063 2030 3111 ob
2055 3077 2280 3127 sequens

340 3134 385 3175 et
407 3127 636 3175 omissum
662 3134 754 3188 est,
780 3129 963 3178 deinde
991 3129 1100 3177 huic
1121 3130 1172 3176 in
1192 3128 1452 3191 persimile
1473 3129 1603 3179 iliud.
1641 3127 1870 3177 Ceterum
1895 3129 1964 3191 cf.
1990 3130 2053 3178 L.
2076 3140 2141 3182 10.
2171 3124 2279 3196 3.1

330 3196 420 3257 fin.
460 3194 528 3241 D.
557 3195 620 3242 de
645 3210 756 3257 aeq.
783 3210 889 3247 rer.
915 3196 1044 3244 dom.
1073 3195 1157 3255 (41,
1184 3195 1244 3254 3).
1271 3205 1312 3253 3,
1342 3205 1433 3247 160.
1505 3192 1549 3260 ⁴)
1577 3197 1663 3244 etsi
1695 3195 1745 3245 Ο.
1773 3198 1893 3247 edd.
1969 3196 2008 3260 ⁵)
2040 3205 2279 3259 cognatus

341 3262 394 3311 C.
423 3263 503 3311 ed.
533 3259 629 3326 By.
667 3263 997 3327 sedssognatis
1024 3265 1104 3314 ed.
1130 3272 1171 3312 5.
1242 3258 1288 3326 ⁶)
1326 3262 1568 3328 Sequitur
1593 3264 1725 3311 linea
1748 3280 1923 3318 vacua.

469 3443 557 3513 ξς.
585 3448 823 3500 35—37.
866 3448 943 3510 Cf.
987 3448 1099 3511 Uip.
1124 3458 1190 3507 28,
1218 3458 1283 3497 13.
1319 3459 1385 3511 23,
1411 3458 1451 3498 6.
1487 3459 1554 3508 26,
1581 3456 1622 3496 8.
1657 3463 1816 3512 supra
1849 3460 1890 3509 2,
1928 3460 2016 3499 148.
2054 3458 2168 3500 151⁸.

334 3511 384 3580 ξ.
404 3517 485 3565 38.
527 3515 601 3575 Cf.
627 3526 670 3577 2,
698 3527 788 3565 119.
816 3525 906 3564 148.
935 3526 1025 3565 149.
1100 3512 1188 3581 ἓξ.
1215 3517 1298 3564 39.
1324 3518 1407 3568 40.
1428 3535 1493 3559 =
1514 3532 1596 3579 pr.
1624 3515 1671 3564 I.
1694 3519 1757 3566 de
1775 3532 1995 3567 success.
2013 3518 2101 3567 lib.
2126 3519 2188 3582 (3,
2212 3518 2280 3583 7).

341 3580 418 3638 Cf.
448 3580 565 3641 Ulp.
594 3591 661 3640 27,
689 3594 728 3630 1.
756 3593 823 3644 29,
852 3595 889 3635 1.
