2546 3928
819 152 939 192 (un
977 158 1178 194 ms‘rrr.
1216 143 1258 195 Ι.
1297 145 1533 194 91-95.
2007 196 2016 206 ,
2061 145 2141 202 45

204 282 410 338 dictum
442 281 627 354 suerit,
659 298 835 354 coque
867 281 1030 337 modo
1061 286 1347 356 peregrina
1376 285 1504 355 fiat,
1547 292 1601 340 et
1635 292 1763 340 tunc
1791 286 1984 358 pariat,
2016 302 2145 342 con·

202 367 392 440 plures
425 365 771 445 distinguunt
800 375 856 421 et
893 373 1107 439 putant,
1153 367 1198 422 si
1240 365 1456 439 quidem
1489 384 1553 422 ex
1585 369 1741 424 iustis
1771 370 1975 442 nuptiis
2014 386 2143 426 con-

203 451 429 524 ceperit,
462 452 637 507 ciuem
657 449 957 508 Romanum
989 467 1051 507 ex
1083 466 1145 506 ea
1174 452 1343 521 nasci,
1374 452 1421 507 si
1452 467 1584 507 uero
1618 451 1787 526 uolgo
1812 457 2143 527 conceperit,

200 536 557 609 peregrinum
586 551 652 590 ex
683 551 743 591 ea
777 537 938 591 nasci.
1015 530 1110 594 91.
1142 535 1277 590 Item
1307 536 1354 591 si
1385 552 1492 609 qua
1520 537 1715 593 mulier
1745 538 1879 593 ciuis
1908 535 2142 595 Romana

203 636 472 694 praegnas
516 636 581 675 ex
621 620 1100 676 senatusconsulto
1132 617 1424 677 Claudiano
1466 621 1656 678 ancilla
1697 621 1836 678 sacta
1866 622 1939 677 sit
1970 620 2038 677 ob
2068 622 2143 694 id,

207 704 356 778 quod
387 703 562 761 alieno
592 721 756 763 seruo
790 709 992 762 coierit
1027 705 1382 761 denuntiante
1413 705 1633 762 domino
1667 707 1803 776 eiuS,
1843 707 2145 779 conplures

102 852 107 855 ,
203 792 555 862 ἀίετίπραιιηῑ
598 799 652 846 et
694 791 1019 857 existimant,
1062 790 1107 844 si
1150 788 1367 862 quidem
1410 805 1474 845 ex
1514 791 1675 846 iustis
1718 791 1920 863 nuptiis
1951 808 2144 847 conce·

207 883 337 947 ptus
368 875 460 945 sit,
492 875 663 929 ciuem
689 873 987 930 Romanum
1018 891 1083 930 ex
1114 890 1176 929 ea
1206 875 1375 947 nasci,
1408 875 1454 929 si
1482 890 1612 930 uero
1647 875 1813 948 uolgo
1846 884 2147 948 conceptus

207 963 300 1028 sic,
332 974 563 1015 seruum
585 961 732 1014 nasci
758 961 896 1031 eiuS,
929 960 1079 1014 cuius
1104 967 1278 1015 mater
1298 958 1439 1015 facta
1470 967 1553 1014 est
1584 959 1799 1016 ancilla.
1869 954 1968 1015 92.
2000 960 2146 1016 Item

202 1044 503 1116 peregrina
548 1060 766 1117 quoque
815 1045 860 1098 si
904 1043 1072 1118 uolgo
1116 1044 1444 1116 conceperit,
1498 1043 1696 1119 deindex
1734 1044 1867 1100 ciuis
1909 1042 2145 1099 Romana

199 1128 376 1200 facta
406 1131 497 1195 sit,
541 1136 595 1186 et
626 1131 846 1200 pariat,
888 1129 1060 1184 ciuem
1091 1128 1391 1185 Romanum
1432 1129 1606 1200 parit3
1650 1129 1696 1184 si
1728 1145 1862 1184 uero
1893 1146 1959 1185 ex
1989 1145 2144 1202 pere-

205 1213 390 1286 grino,
431 1207 564 1284 (cui)
620 1206 628 1289 1
678 1212 975 1268 secundum
1016 1212 1170 1286 leges
1212 1227 1503 1285 moresque
1555 1215 1973 1287 peregrinorum
2013 1230 2141 1269 con·
2160 1219 2243 1273 25.

202 1299 390 1352 iuncta
444 1304 544 1367 est,
599 1297 818 1354 uidetur
866 1314 932 1352 ex
980 1295 1484 1368 senatusconsultO,
1544 1297 1690 1370 quod
1743 1305 1965 1353 auctore
2016 1297 2142 1353 diuo

201 1380 476 1437 Hadriano
500 1381 702 1437 factum
734 1389 837 1449 est,
869 1383 1193 1455 peregrinus
1227 1377 1458 1455 (nasci),
1493 1382 1599 1437 nisi
1630 1383 1774 1455 patri
1804 1383 1922 1438 eius
1952 1383 2142 1438 ciuitas

198 1465 445 1522 Romana
476 1469 732 1538 quaesita
760 1467 852 1522 sit.

334 1546 436 1606 93.
484 1548 539 1602 Si
578 1549 900 1621 peregrinus
945 1563 1074 1604 cum
1105 1550 1304 1604 liberis
1335 1551 1569 1604 ciuitate
1600 1549 1868 1606 Romana
1898 1551 2147 1605 donatus

193 1635 413 1707 fuerit,
460 1649 571 1688 non
614 1631 775 1688 aliter
813 1624 1036 1688 ’liber-2⁰¹
1087 1632 1142 1686 in
1182 1638 1459 1704 potestate
1502 1635 1625 1688 eius
1659 1632 1842 1704 fiunt,
1885 1650 2055 1705 quam
2098 1635 2146 1689 si

201 1725 536 1790 imperator
578 1732 676 1775 eos
716 1719 773 1772 in
810 1723 1143 1788 potestatem
1185 1715 1487 1790 redegerit:
1542 1716 1689 1790 quod
1729 1718 1803 1772 ita
1846 1718 2058 1773 demum
2100 1719 2143 1772 is

205 1805 357 1874 facit,
388 1804 434 1858 si
467 1818 622 1858 causa
649 1802 871 1874 cognita
894 1801 1278 1872 aestimauerit,
1310 1801 1415 1856 hoc
1446 1798 1567 1856 filiis
1598 1801 1881 1876 expedire:
1913 1802 2142 1876 diligen-

204 1891 316 1944 tius
362 1895 526 1960 atque
569 1887 808 1942 exactius
851 1878 1053 1942 ’uero2
1095 1901 1310 1941 causam
1349 1888 1633 1957 cognoscit
1677 1886 1743 1941 de
1775 1885 2142 1960 impuberibus

206 1972 657 2045 absentibusque:
698 1980 754 2027 et
794 1972 927 2027 haec
968 1973 1043 2026 ita
1083 1971 1260 2027 edicto
1304 1969 1416 2025 diui
1447 1970 1699 2026 Hadriani
1746 1970 2140 2044 significantur.

206 2054 308 2115 94.
354 2058 487 2113 ltem
529 2058 576 2112 si
616 2059 738 2150 quis
781 2072 904 2111 cum
935 2071 1106 2112 uxore
1143 2062 1481 2127 praegnante
1522 2055 1739 2109 ciuitate
1771 2049 2007 2110 Romana
2049 2053 2144 2110 do·

208 2152 366 2197 natus
410 2143 501 2212 sit,
549 2142 793 2213 quamuis
834 2142 900 2210 is,
945 2140 1035 2213 qui
1066 2139 1329 2209 nascitur,
1372 2147 1433 2193 ut
1466 2153 1630 2211 supra
1660 2138 1907 2209 diximuS,
1955 2132 2142 2212 (ciuis)

207 2227 480 2282 Romanus
520 2227 612 2297 sit,
652 2234 831 2281 tamen
862 2226 916 2279 in
944 2231 1219 2298 potestate
1249 2224 1418 2297 patris
1449 2239 1560 2288 non
1591 2221 1680 2280 fit:
1724 2223 1885 2295 idque
1911 2222 2145 2279 subscri-

208 2312 397 2385 ptione
439 2310 553 2365 diui
582 2309 831 2365 Hadriani
873 2305 1231 2382 significatur.
1296 2324 1401 2380 qua
1431 2306 1497 2362 de
1539 2324 1698 2364 causa
1730 2310 1824 2381 qui
1852 2309 2142 2380 intellegit,

208 2411 435 2451 uxorem
465 2411 614 2450 suam
645 2410 765 2449 esse
795 2402 1164 2468 praegnatem,
1207 2390 1336 2447 dum
1366 2393 1643 2448 ciuitatem
1674 2392 1776 2448 sibi
1807 2402 1862 2448 et
1891 2394 2046 2447 uxori
2078 2392 2142 2447 ab

210 2483 538 2553 imperatore
578 2480 738 2553 petit,
778 2476 941 2533 simul
980 2476 1044 2532 ab
1086 2478 1279 2532 eodem
1320 2483 1508 2549 petere
1549 2477 1732 2548 debet,
1772 2484 1833 2530 ut
1864 2492 2011 2544 eum,
2054 2479 2146 2546 qui

82 2577 189 2635 [124]
211 2574 369 2619 uatus
402 2565 526 2635 erit,
556 2564 613 2617 in
642 2570 918 2636 potestate
941 2577 1039 2616 sua
1065 2559 1277 2614 habeat.
1354 2555 1450 2614 95.
1497 2559 1612 2614 Alia
1635 2575 1796 2615 causa
1818 2566 1904 2614 est
1933 2574 2142 2631 eorum,

209 2650 303 2722 qui
344 2647 502 2704 ’Latii
542 2641 698 2704 iure3
742 2662 864 2704 cum
907 2644 1087 2700 liberis
1131 2645 1241 2698 suis
1286 2643 1350 2698 ad
1392 2644 1669 2699 ciuitatem
1699 2642 1989 2699 Romanam
2020 2660 2144 2718 per-

349 2813 389 2876 ¹)
422 2815 516 2876 filii
543 2814 659 2865 edd.
763 2809 805 2873 2)
841 2810 934 2860 Ex
963 2809 1146 2860 Go'sclz.
1166 2811 1253 2859 ed.
1292 2811 1463 2859 ‘enim’
1498 2809 1801 2860 eaeLaclzm.
1832 2812 1902 2872 ej.
1930 2812 2009 2859 ed.
2041 2810 2142 2873 By.

209 2880 252 2946 ³)
274 2880 380 2931 Sic
415 2896 544 2931 nune
577 2883 726 2930 etiam
758 2880 808 2927 V
815 2879 856 2912 ⁸2
893 2880 1046 2929 Latini
1081 2884 1190 2927 sunt
1221 2884 1270 2926 ec
1305 2879 1422 2927 edd.
1478 2877 1557 2939 Cf.
1585 2879 1649 2927 de
1670 2878 1767 2928 Izoc
1791 2884 1840 2926 et
1864 2878 1928 2927 de
1954 2883 2063 2926 tota
2085 2892 2145 2925 re

207 2957 328 3015 post
363 2949 591 3013 Madvig.
628 2963 802 3012 opusc.
835 2964 892 3011 p.
928 2956 1023 2996 273.
1058 2944 1140 2995 zib.
1174 2954 1399 2995 nostrum
1436 2945 1641 2995 ‘Gaius’
1669 2962 1728 3009 p.
1752 2955 1777 2995 3
1809 2959 1919 3009 seq.
1958 2950 2004 2994 ec
2042 2944 2145 2995 Ru-

211 3019 364 3079 dorfi'i
387 3018 520 3081 disp.
547 3018 662 3066 erit.
689 3019 752 3065 de
774 3018 967 3065 maiore
992 3027 1054 3063 ae
1077 3014 1190 3067 min.
1220 3014 1389 3063 Latio.
1418 3012 1593 3063 Ber-ol.
1621 3022 1737 3063 1860.

347 3167 400 3235 ξ.
437 3171 518 3219 91.
567 3168 649 3231 Cf.
684 3165 778 3231 33.
814 3178 881 3217 64.
915 3177 1006 3217 160.
1055 3164 1170 3228 Ulp.
1207 3178 1272 3225 11,
1308 3178 1371 3215 11.
1418 3166 1565 3217 Paul.
1592 3177 1633 3223 2,
1658 3176 1723 3219 24.
1762 3162 1853 3231 33.
1879 3176 1919 3216 2.
1943 3177 1984 3217 3.
2011 3168 2077 3215 L.
2101 3178 2144 3218 5.

212 3234 306 3318 33.
333 3248 375 3286 2.
404 3247 444 3285 3.
478 3235 541 3284 L.
567 3246 631 3286 18.
677 3237 742 3285 D.
779 3238 844 3285 de
875 3242 1014 3285 statu
1047 3234 1173 3287 hom.
1209 3232 1271 3298 (1,
1297 3232 1363 3297 4).
1410 3234 1475 3283 L.
1508 3245 1550 3283 4.
1598 3234 1653 3284 C.
1689 3236 1754 3283 de
1784 3249 1939 3297 poen.
1967 3232 2027 3294 (9,
2052 3235 2145 3296 47).

209 3303 260 3371 g.
287 3306 371 3354 92.
409 3303 494 3365 Of.
529 3298 622 3369 33.
656 3314 721 3357 77.
755 3314 822 3353 94.
893 3301 944 3369 §.
969 3304 1052 3353 93.
1091 3300 1174 3362 Cf.
1200 3312 1242 3364 3,
1268 3311 1336 3351 20.
1374 3302 1553 3351 Collat.
1579 3312 1643 3363 16,
1673 3312 1715 3351 7.
1745 3297 1797 3366 3.
1822 3313 1862 3355 2.
1900 3302 2034 3351 Plin.
2061 3317 2143 3363 ep.

211 3384 275 3433 10,
312 3381 353 3421 6.
401 3372 596 3435 Paney.
627 3381 694 3421 37.
728 3386 890 3435 supra
925 3369 978 3435 3.
1001 3380 1068 3420 55.
1161 3367 1212 3437 ξ.
1239 3371 1322 3420 94.
1363 3370 1441 3433 Cf.
1467 3368 1520 3432 S.
1544 3378 1610 3419 92.
1702 3365 1755 3433 ξ.
1780 3370 1863 3420 95.
1902 3368 2023 3430 quod
2049 3362 2146 3427 ius]

211 3441 291 3502 Cf.
317 3441 512 3490 Ascon.
536 3442 587 3487 in
617 3439 719 3489 Cic.
743 3440 921 3490 Piston.
944 3455 998 3502 p.
1023 3448 1064 3487 3.
1100 3438 1242 3488 Bait.
1271 3437 1377 3487 Cic.
1406 3440 1477 3486 ad
1500 3438 1660 3485 Atcic.
1686 3446 1731 3495 5,
1757 3447 1821 3483 11.
1846 3433 1965 3495 3.·2.
2004 3430 2145 3481 Suet.

186 3511 345 3572 Any.
368 3519 434 3563 47.
472 3506 663 3557 Strabo
687 3517 728 3565 4,
756 3518 794 3557 1.
832 3502 978 3570 §.13.
1003 3522 1056 3569 p.
1084 3516 1174 3559 186.
1213 3506 1345 3555 Ptin.
1373 3505 1439 3553 Ν.
1468 3504 1535 3556 H.
1560 3513 1601 3565 3,
1628 3512 1654 3550 3
1681 3500 1764 3562 (4).
1793 3496 1885 3561 SS.
1908 3508 1971 3545 18.
1989 3508 2053 3546 20.
2078 3508 2144 3545 23.
