2546 3928
2344 0 2546 155 --i

329 171 449 226 1⁶28
918 183 1034 218 GA11
1072 184 1267 220 ms'rrr.
1304 171 1403 219 111.
1440 172 1638 222 4—10.
2382 204 2389 209 .
2526 170 2546 227 't

322 317 377 366 et
406 313 475 366 de
507 326 598 378 ea,
632 324 780 381 quae
821 313 878 364 in
922 313 1145 379 nepotis
1177 327 1350 364 manu
1390 312 1947 375 matrimonii‚eausa
1981 312 2076 380 sit,
2121 314 2271 381 quia

312 398 619 466 proneptis
647 397 774 450 loco
801 401 903 449 est.
979 392 1035 449 4.
1077 394 1335 449 Postumi
1357 409 1598 466 quoque,
1633 397 1747 465 qui,
1782 397 1834 449 si
1854 397 1988 449 uiuo
2005 402 2277 463 parente

317 482 445 535 nati
474 486 677 547 essent,
712 481 770 533 in
788 484 1077 548 potestate
1101 481 1223 533 eius
1248 477 1446 548 futuri
1460 470 1681 549 forent,
1708 481 1808 532 eui
1826 479 2072 533 heredes
2102 486 2266 534 sunt.

186 571 298 619 127.
318 561 372 620 5.
421 564 579 620 Idem
611 565 761 618 iuris
791 569 876 617 est
906 565 974 618 de
1004 564 1108 631 he'S,
1146 579 1387 634 quorum
1413 566 1638 618 nomine
1664 578 1741 618 ex
1771 562 1892 635 1696
1915 562 2082 618 Aelia
2113 562 2274 618 Sen-

200 645 232 687 t.
258 654 296 687 s.
321 653 398 705 tia
443 650 538 704 uel
579 664 658 704 ex
687 653 926 702 senatus
962 650 1221 702 consulto
1254 653 1387 718 post
1426 640 1436 722 Ι
1476 654 1702 705 mortem
1734 647 1903 719 patris
1941 661 2101 700 causa
2131 663 2272 718 pro·

319 733 506 788 hatur:
554 749 671 787 nam
716 739 770 787 et
811 732 864 786 hi
915 732 1042 785 uiuo
1086 739 1240 803 patre
1281 747 1439 786 causa
1481 729 1707 803 probata
1749 731 1801 784 in
1835 738 2109 802 potestate
2139 732 2270 785 eius

316 817 489 873 futuri
512 825 715 872 essent.
802 810 855 871 6.
906 813 1060 883 Quod
1093 816 1248 870 etiam
1282 814 1348 869 de
1380 831 1444 870 eo
1478 813 1609 884 filio,
1643 815 1734 887 qui
1767 831 1829 869 ex
1860 815 2027 887 prima
2061 831 2272 869 secun-

315 902 452 958 daue
496 900 889 974 mancipatione
928 906 1055 973 post
1096 907 1326 955 mortem
1368 901 1535 972 patris
1578 900 1995 969 manumittitur,
2037 898 2271 956 intelle-

316 1003 524 1060 gemuS.
614 980 665 1040 7.
713 985 887 1058 Igitur
916 1000 1037 1038 cum
1083 982 1222 1039 iilius
1268 981 1445 1038 tiliaue
1488 990 1542 1038 et
1574 1001 1637 1039 ex
1668 983 1844 1038 altero
1882 982 1990 1040 filio
2023 991 2269 1056 nepotes

314 1080 591 1145 neptesue
623 1075 837 1138 extant,
891 1069 1095 1140 pariter
1147 1067 1211 1122 ad
1252 1066 1608 1123 hereditatem
1655 1075 1950 1136 uocantur;
2006 1085 2105 1123 nec
2162 1070 2265 1140 qui

316 1153 484 1228 gradu
518 1153 816 1225 proximior
846 1161 950 1222 est,
995 1152 1311 1207 ulteriorem
1345 1152 1606 1207 excludit:
1652 1168 1886 1224 aequum
1928 1153 2067 1207 enim
2103 1152 2264 1207 uide-

314 1238 493 1309 batur,
524 1235 753 1310 nepotes
785 1245 1049 1309 neptesue
1081 1237 1132 1290 in
1165 1237 1334 1308 patris
1367 1239 1449 1291 sui
1481 1237 1659 1292 locum
1685 1237 2104 1309 portionemque
2127 1253 2264 1292 suc-

205 1386 215 1393 ,
314 1323 529 1379 cedere.
603 1323 721 1395 pari
765 1322 976 1376 ratione
1022 1330 1076 1375 et
1116 1323 1160 1376 si
1208 1337 1379 1393 nepos
1423 1322 1674 1394 neptisue
1716 1321 1785 1377 sit
1830 1337 1894 1375 ex
1937 1319 2047 1376 filio
2091 1331 2144 1376 et
2190 1338 2265 1376 ex

316 1414 515 1480 nepote
545 1423 821 1480 pronepos
847 1407 1249 1478 proneptisue,
1285 1405 1441 1460 simui
1477 1422 1661 1461 omnes
1705 1414 1972 1461 uocantur
2003 1405 2067 1460 ad
2097 1406 2268 1460 here-

314 1493 554 1548 ditatem.
656 1488 713 1546 8.
763 1490 830 1546 Et
872 1491 994 1564 quia
1037 1488 1305 1564 placebat,
1349 1496 1578 1562 nepotes
1621 1496 1908 1562 neptesue,
1951 1491 2079 1544 item
2124 1506 2268 1563 pro—

313 1585 540 1650 nepotes
584 1586 952 1650 proneptesue
994 1576 1047 1630 in
1092 1575 1330 1648 parentis
1372 1575 1452 1628 sui
1486 1574 1665 1630 locum
1696 1573 2007 1642 succedere,
2052 1590 2271 1630 conue-

312 1664 466 1717 niens
498 1678 616 1716 esse
648 1662 823 1715 uisum
856 1669 961 1731 est,
1008 1676 1117 1713 non
1151 1660 1202 1713 in
1236 1660 1439 1732 capita,
1471 1658 1566 1714 sed
1599 1657 1700 1730 (in)
1732 1660 1929 1731 stirpes
1962 1658 2263 1714 ’heredita-

311 1739 457 1801 tem¹
505 1745 690 1814 diuidi,
733 1745 806 1799 ita
849 1752 910 1798 ut
954 1742 1098 1797 filius
1139 1752 1346 1815 partem
1379 1743 1645 1798 dimidiam
1677 1743 1991 1798 hereditatis
2028 1742 2167 1798 serat
2202 1750 2263 1798 et

311 1829 579 1894 exstitero
613 1825 723 1882 tilio
756 1827 862 1882 duo
895 1827 1153 1898 pluresue
1186 1834 1418 1899 nepotes
1450 1827 1675 1883 alteram
1707 1826 2009 1895 dimidiam;
2040 1828 2173 1883 item
2209 1828 2261 1884 si

313 1930 378 1971 ex
400 1910 620 1968 'duobus
645 1909 765 1966 filiis
797 1918 1028 1985 nepotes
1059 1917 1248 1967 extent
1279 1919 1333 1967 et
1365 1927 1429 1967 ex
1463 1911 1634 1968 altero
1667 1910 1778 1967 filio
1812 1928 1951 1968 unus
1984 1911 2128 1968 forte
2158 1910 2261 1968 uel

312 2000 441 2068 du0,
474 2015 536 2053 ex
566 1998 736 2053 altero
770 2005 880 2052 tres
912 2005 1004 2051 aut
1036 2005 1315 2069 quattuor,
1345 1996 1409 2051 ad
1441 2014 1608 2052 unum
1639 2005 1730 2053 aut
1761 1997 1824 2052 ad
1857 1997 1996 2052 duos
2030 1996 2264 2053 dimidia

309 2101 434 2157 pars
466 2085 704 2157 pertinet
734 2091 788 2137 et
819 2082 881 2136 ad
917 2090 1027 2136 tres
1059 2091 1151 2138 aut
1183 2089 1444 2155 quattuor
1474 2081 1642 2137 altera
1672 2081 1905 2137 dimidia.

437 2164 496 2227 9.
544 2168 601 2222 Si
629 2167 818 2224 nullus
849 2170 921 2222 sic
954 2182 1176 2221 suorum
1211 2165 1492 2238 heredum,
1524 2173 1656 2222 tunc
1679 2166 1950 2222 hereditas
1970 2163 2256 2246 pertinet}

177 2268 290 2314 128.
312 2269 376 2307 ex
419 2251 601 2306 eadem
646 2251 768 2324 lege
810 2267 903 2306 ΧΠ
947 2248 1247 2305 tabularum
1291 2250 1355 2306 ad
1399 2253 1692 2324 adgnatos
1780 2248 1879 2307 10.
1951 2252 2261 2309 Vocantur

193 2340 224 2380 t.
253 2348 291 2381 S·
315 2342 503 2390 autem
547 2334 783 2407 adgnati,
828 2335 919 2406 qui
962 2333 1199 2405 legitima
1245 2337 1569 2408 cognatione
1610 2336 1776 2389 iuncti
1804 2345 1962 2390 sunt:
2006 2336 2261 2410 legitima

309 2427 489 2474 autem
533 2418 788 2491 cognatio
833 2426 916 2473 est
959 2433 1037 2488 ea,
1086 2435 1222 2491 quae
1253 2436 1351 2492 per
1393 2419 1568 2474 uirilis
1613 2435 1774 2474 sexus
1814 2436 2080 2493 personas
2111 2437 2254 2477 con·

312 2508 598 2577 iunyitur:
644 2505 839 2576 itaque
879 2506 1068 2559 eodem
1108 2511 1280 2575 patre
1319 2508 1445 2579 nati
1484 2503 1677 2559 fratres
1720 2509 1907 2578 agnati
1943 2503 2052 2561 sibi
2089 2515 2248 2577 sunt,
2280 2508 2435 2582 [211]

309 2593 410 2659 qui
448 2593 616 2645 etiam
661 2592 1075 2662 consanyuinei
1113 2598 1400 2659 uocantur,
1455 2605 1555 2644 nec
1595 2590 1910 2660 requiritur,
1965 2606 2030 2644 an
2072 2593 2254 2647 etiam

307 2681 548 2729 matrem
583 2675 821 2729 eandem
853 2674 1162 2730 habuerint
1174 2698 1191 2737 ,·
1235 2676 1362 2729 item
1395 2681 1624 2747 patruus
1658 2673 1841 2729 fratris
1873 2671 1985 2729 filio
2019 2681 2075 2729 et
2105 2676 2255 2731 inui-

312 2774 425 2812 cem
459 2760 508 2812 is
540 2759 627 2813 illi
655 2767 891 2830 agnatus
924 2765 1033 2819 est;
1067 2757 1256 2813 eodem
1290 2774 1515 2813 numero
1547 2765 1680 2813 sunt
1703 2757 1937 2829 fratres
1964 2758 2254 2832 patrueles

308 2874 334 2882 .-

340 2943 342 2945 ·
443 2922 485 2987 ¹)
523 2923 656 2974 Inst.
685 2924 968 2972 hereditates
995 2922 1050 2971 C.
1078 2925 1193 2972 edd.

343 3079 346 3080 ’
439 3071 489 3139 ξ.
516 3077 566 3123 4.
592 3095 659 3114 =
684 3074 738 3137 S.
764 3085 788 3122 2
808 3077 897 3137 fin.
929 3075 977 3127 I.
1000 3076 1087 3125 eit.
1118 3076 1193 3138 Cf.
1220 3075 1362 3140 Epit.
1388 3085 1429 3137 2,
1452 3084 1477 3124 8
1498 3092 1582 3140 pr.
1616 3075 1732 3140 Um.
1757 3086 1825 3138 22,
1853 3085 1917 3127 15.
1991 3072 2043 3143 ξ.
2071 3079 2120 3126 5.
2160 3077 2250 3139 Cf.

305 3140 487 3192 Collat.
516 3151 578 3198 16,
606 3152 646 3190 3.
683 3140 777 3204 §S
803 3152 843 3191 7.
874 3151 935 3195 15.
971 3157 1132 3205 supra
1156 3155 1195 3206 1,
1226 3153 1292 3195 32.
1320 3153 1361 3203 2,
1387 3154 1460 3192 142
1484 3159 1590 3208 seq.
1617 3156 1654 3201 1,
1681 3154 1747 3193 66.
1773 3154 1840 3194 95.
1880 3144 1996 3208 Utp.
2025 3155 2066 3207 7,
2090 3155 2133 3193 4.

304 3206 353 3276 g.
383 3211 428 3258 6.
463 3229 529 3249 =
565 3208 747 3258 Callae.
774 3219 841 3270 16,
866 3218 906 3257 2.
945 3207 998 3271 g.
1024 3219 1062 3263 6,
1115 3210 1191 3271 Cf,
1230 3209 1562 3264 Collat.16.s.
1599 3209 1651 3274 3.
1680 3222 1719 3264 7.
1765 3209 1882 3275 [ΗΡ.
1909 3222 1977 3269 ss,
2004 3223 2045 3261 s.
2077 3228 2253 3276 supra

305 3292 342 3334 1,
371 3287 462 3327 132.
487 3286 529 3337 2,
556 3288 643 3325 141.
736 3271 823 3343 ἓξ.
852 3279 897 3326 7.
924 3277 972 3326 8.
998 3297 1064 3317 =
1090 3276 1273 3328 collat.
1301 3287 1368 3338 16,
1392 3287 1434 3326 2.
1461 3276 1554 3340 33.
1583 3289 1623 3328 τ.
1652 3289 1692 3331 8.
1719 3277 1770 3342 S.
1795 3289 1836 3328 6.
1861 3279 1910 3329 I.
1938 3280 1986 3330 h.
2013 3287 2050 3329 t.
2078 3283 2143 3343 (3,
2172 3280 2244 3342 1).

305 3346 382 3407 Cf.
409 3344 554 3408 Epic.
579 3354 621 3398 2,
645 3355 685 3394 8.
714 3343 769 3407 3.
795 3354 835 3397 2,
865 3344 983 3406 Uip.
1010 3355 1076 3405 26,
1097 3356 1139 3399 2.
1212 3342 1261 3411 ἓ.
1289 3347 1338 3396 9.
1364 3365 1430 3385 --
1459 3345 1640 3397 Collat.
1666 3355 1732 3410 16,
1757 3342 1877 3412 23.
1901 3357 1942 3395 9.
1985 3347 2063 3409 Cf.
2085 3347 2244 3411 Epic.

300 3423 340 3472 2,
368 3423 394 3461 8
429 3411 480 3475 S.
504 3423 544 3465 3.
584 3412 700 3476 Ulp.
727 3422 795 3472 26,
820 3424 861 3461 1.
899 3412 1079 3461 Collat.
1108 3422 1173 3473 16,
1201 3423 1241 3461 3.
1267 3410 1320 3474 S.
1347 3422 1411 3462 13.
1438 3428 1518 3474 pr.
1548 3413 1596 3463 I.
1623 3416 1687 3463 de
1721 3417 1816 3479 Ie9.
1853 3430 1970 3478 ayn.
2006 3430 2142 3464 suec.
2174 3415 2247 3480 (3,

301 3480 361 3537 2).
440 3476 489 3545 §.
520 3482 597 3529 10.
621 3501 688 3520 =
714 3480 893 3531 Collat.
921 3490 988 3541 16,
1010 3491 1049 3529 2.
1082 3477 1136 3542 S.
1160 3490 1224 3529 10.
1256 3480 1337 3540 Cf.
1359 3496 1518 3544 supra
1543 3492 1584 3544 1,
1607 3491 1697 3535 156,
1723 3480 1776 3544 3.
1804 3494 1843 3531 1.
1870 3482 1919 3531 Ι.
1948 3485 2062 3533 eod.
2086 3482 2245 3547 Epit.

306 3549 337 3592 l.
366 3562 407 3596 c.
439 3547 553 3609 Ulp.
578 3557 641 3603 26,
669 3560 705 3596 1.
744 3547 925 3598 collat.
953 3558 1016 3609 16,
1042 3558 1083 3596 6.
1113 3545 1205 3610 33.
1234 3558 1300 3596 13.
1328 3558 1393 3597 15.
1868 3569 1874 3573 -
