2546 3928
881 270 1003 304 osu
1037 268 1242 305 merl-r.
1279 255 1373 305 IV.
1412 258 1544 307 165⁶.
1631 218 1652 239 ⁸
2060 256 2217 314 233³

1612 559 1619 566 ‚

561 581 1026 619 ——-÷-———·v.
1058 564 1088 618 1
1126 606 1138 618 .
1171 606 1182 619 .
1215 605 1229 619 .
1262 564 1380 620 fere
1410 565 1447 621 9

99 641 227 711 [³17]
248 643 404 706 165².
436 690 481 703 ..
502 689 515 702 .
545 648 812 719 Namque
830 652 946 704 nisi
964 655 1101 704 ante
1133 651 1504 720 exploratum
1527 649 1734 720 fuerit,
1770 654 1960 706 uirtus
1982 662 2185 705 ¹earum

237 735 536 805 possessio
566 736 659 804 sit,
691 749 806 789 non
834 739 1023 803 potest
1045 736 1322 804 petitoria
1347 737 1501 789 actio
1520 736 1761 805 institui,
1795 738 1932 807 quia
1958 740 2023 789 et
2045 736 2184 790 ciui·

245 819 321 873 lis
352 819 416 873 et*
436 819 727 873 naturalis
759 820 911 873 ratio
936 816 1109 888 facit,
1141 824 1203 873 ut
1234 819 1386 873 alius
1406 819 1713 888 possideat·
1735 825 1790 874 et
1813 821 1966 875 alius
1990 827 2025 874 'a
2048 833 2209 888 poss
2268 843 2271 848 ⁴

249 902 468 957 sidente
489 907 677 973 petat.
714 902 790 956 Et
821 904 957 974 quia
990 902 1155 975 lonqe
1181 903 1531 958 *commodius
1563 907 1649 958 est
1673 904 2214 973 possidet-equam·

240 991 479 1058 petere,
540 986 666 1042 ideo
711 985 1090 1057 'plerumque
1115 992 1169 1040 et
1208 980 1344 1057 fere
1401 980 1668 1056 semper¹
1726 990 1950 1060 inqens·
1986 989 2184 1043 existit

247 1073 536 1126 contentio
566 1071 795 1140 deips‘a
819 1072 1209 1139 possessione.
1262 1068 2215 1142 Commodum-autempossidendi·

246 1158 397 1210 in'eo
426 1159 532 1225 est,
565 1156 719 1226 quod
735 1158 963 1210 etiamsi
981 1157 1104 1210 eius
1128 1169 1227 1210 res
1247 1163 1369 1210 nbn‘
1389 1156 1480 1225 sit,
1508 1159 1619 1227 qui·
1634 1157 1916 1227 possidet3
1953 1159 2009 1211 si·
2023 1157 2183 1212 modo

246 1355 472 1412 stituerit
496 1358 586 1401 aut
609 1369 708 1403 non
733 1351 1049 1407 exhibuerim
1086 1359 1137 1401 et
1160 1353 1208 1400 si
1228 1351 1498 1401 secundum
1523 1360 1745 1402 actorem
1769 1354 2039 1401 iudicatum
2064 1354 2181 1413 erit,

245 1422 600 1470 aduersarium
633 1423 876 1470 summam
899 1419 1191 1482 sponsionis
1225 1425 1279 1468 et
1309 1421 1358 1468 si
1392 1435 1491 1469 non
1525 1421 1809 1469 restituerit
1841 1420 1925 1469 uel
1955 1436 2054 1469 non
2089 1435 2182 1469 ex-

244 1488 483 1551 hibuerit,
518 1491 668 1537 etiam
701 1489 957 1536 secutor-io
992 1487 1178 1536 iudicio
1202 1488 1519 1543 condemnat,
1556 1494 1779 1536 actorem
1812 1501 1935 1537 uero
1959 1489 2182 1550 restipu—

243 1557 451 1606 lationis
484 1555 725 1612 absoluit,-
763 1555 947 1620 quodsi
974 1554 1243 1603 secundum
1279 1570 1418 1603 reum
1441 1555 1762 1612 indicauerit,
1790 1555 1926 1603 -lzunc
1947 1557 2183 1617 sponsio-

247 1628 329 1671 nis
363 1629 410 1672 et
444 1625 689 1672 secutorii
721 1623 896 1671 iudicii
928 1622 1171 1682 absoluit,
1207 1628 1431 1671 actorem
1465 1637 1588 1672 uero
1622 1623 2026 1684 restipulationis
2062 1637 2181 1671 con-

245 1692 470 1739 demnat.
496 1715 562 1724 —
588 1689 647 1739 'Si
675 1689 1063 1753 prohibitorium
1097 1690 1419 1738 interdictum
1452 1681 1711 1738 redditum
1735 1689 1925 1751 fuerit,
1958 1692 2095 1739 uelut
2120 1698 2212 1740 ne'

249 1758 378 1821 quid
398 1757 449 1805 in
470 1758 578 1806 loco
604 1773 752 1807 sacro
772 1759 884 1819 fiat.
909 1769 1111 1819 semper
1127 1763 1241 1804 'eum
1264 1772 1433 1819 poena
1455 1772 1541 1806 res
1563 1759 1851 1820 peraaitur:
1892 1757 2099 1807 Namsi·
2116 1758 2177 1816 is,

244 1839 357 1873 cum
383 1840 479 1888 quo
504 1826 690 1888 agitur,
716 1826 1135 1875 contra‘edictum
1157 1826 1424 1887 praetoris
1442 1824 1631 1883 fecisse
1657 1826 1875 1882 dicatur,
1902 1832 2048 1875 actor
2071 1839 2182 1873 eum

239 1893 522 1955 sponsione
552 1899 827 1955 prouocat,
864 1893 918 1941 ni
939 1898 1121 1941 eontra
1145 1893 1358 1941 edietum
1386 1894 1654 1955 praetoris
1682 1892 1900 1954 fecerim
1935 1894 2182 1943 aduersa-

245 1961 357 2009 rius
382 1962 732 2023 restipulatur,
769 1961 1019 2025 editisque
1044 1959 1106 2009 ab
1133 1967 1310 2010 actore
1333 1961 1638 2022 sponsionis,
1676 1960 1738 2010 ab
1764 1962 2069 2025 aduersario
2094 1976 2181 2009 re-

244 2028 594 2091 stipulationis
613 2027 846 2089 formulis
869 2034 1015 2077 actor
1037 2035 1319 2091 praeterea
1353 2029 1585 2077 iudicium
1607 2030 1908 2077 secularium
1934 2029 2054 2087 edit,
2083 2042 2178 2091 quo

237 2096 296 2144 si
316 2095 590 2157 sponsione
625 2095 830 2155 uicerit,
865 2097 1196 2144 aduersarius
1222 2096 1487 2156 tantidem,
1513 2096 1689 2158 quanti
1710 2097 1918 2157 sponsio
1941 2097 2031 2152 sit,
2060 2110 2179 2143 con-

239 2164 530 2212 demnatur.
580 2161 1027 2213 Condemnationes
1061 2177 1186 2212 uero
1222 2169 1272 2211 et
1307 2161 1647 2212 absolutiones
1679 2163 1908 2211 similiter
1933 2163 2089 2223 fiunt,
2125 2169 2180 2210 ut

234 2232 299 2282 in
335 2231 670 2279 restitutoriis
701 2231 987 2279 interdictis
1021 2231 1282 2282 diximus!
1311 2255 1374 2263 —-
1410 2230 1548 2278 Hinc
1584 2228 1739 2278 Gaius
1771 2228 1864 2279 sub
1898 2230 2049 2291 finem
2081 2244 2179 2292 pa-

233 2299 397 2364 ginae
421 2298 687 2347 transitum
705 2296 892 2359 fecisse
917 2298 1115 2349 videtur
1138 2298 1209 2345 ad
1231 2298 1504 2346 interdicta
1530 2296 1771 2359 duplicia,
1793 2303 1844 2346 et
1867 2298 2177 2362 ita-quidem,

235 2372 304 2414 ‘ut
331 2367 543 2428 primum
578 2366 828 2415 diversum
862 2380 1031 2414 eorum
1065 2380 1201 2414 usum
1233 2365 1558 2429 ostenderet¹
1584 2366 1722 2428 quod
1752 2373 1840 2414 aut
1867 2366 2183 2429 possessioni

233 2434 327 2482 -vel
348 2434 496 2497 quasi
525 2433 841 2496 possessioni
862 2426 946 2498 (S.
975 2428 1069 2495 139)
1095 2433 1342 2482 adversus
1366 2434 1459 2482 vim
1494 2433 1849 2490 defendendae
1874 2434 2069 2483 omnino
2096 2433 2178 2480 in-

228 2504 495 2563 serviunt,
538 2506 626 2549 aut
660 2502 724 2550 de
766 2501 1092 2563 proprietate
1134 2499 1548 2549 contendentibus
1591 2499 1779 2547 dantur
1821 2495 1896 2560 (S.
1925 2496 2034 2560 148).
2092 2498 2183 2547 Ad

237 2569 471 2632 priorem
514 2568 875 2631 disputationis
908 2573 1111 2630 partem
1146 2569 1461 2630 pertinuisse
1502 2567 1734 2615 videntur
1773 2567 2057 2614 litterarum
2099 2581 2179 2616 ve·

228 2636 401 2698 ‚sti9ia
434 2650 581 2684 versu
615 2647 653 2683 1.
682 2651 738 2698 p.
766 2644 857 2684 243.
895 2638 1171 2697 conspicua
1205 2642 1255 2684 et
1287 2634 1519 2696 fortasse
1544 2635 1617 2682 ita
1641 2634 2034 2696 interpretanda
2048 2649 2077 2683 .·,
2104 2634 2181 2681 ‘si

231 2703 361 2766 -quis
396 2717 504 2751 cum
536 2703 636 2752 alio
673 2710 826 2751 utatur
852 2693 911 2766 ³1⁸1
943 2702 1003 2765 qs)
1038 2700 1204 2766 (aqua,
1241 2718 1361 2765 quae
1383 2704 1493 2765 per)
1531 2702 1738 2750 eundem
1764 2703 1918 2751 rivum
1943 2702 2175 2751 ducitur’

232 2767 345 2829 (ιγ’.
378 2768 439 2817 L.
471 2776 506 2817 ι.
533 2767 585 2830 S.
612 2778 677 2820 26.
717 2766 786 2820 D.
813 2771 876 2818 de
901 2785 1035 2833 aqua
1060 2777 1194 2833 quot.
1221 2779 1289 2824 43.
1315 2767 1415 2832 2ο),·
1441 2785 1512 2819 ex
1533 2770 1840 2832 posteriore,
1868 2784 1998 2833 quae
2021 2772 2178 2817 inter-

231 2837 499 2884 -dictorum
526 2835 709 2886 [strubi
740 2843 791 2885 et
818 2836 907 2887 Uti
935 2838 1212 2900 possidetis
1242 2838 1463 2900 propria
1487 2844 1581 2893 est,
1616 2852 1715 2886 non
1740 2834 1912 2886 dubito
1936 2836 2063 2885 haee
2089 2836 2175 2884 de-

229 2909 446 2966 sumpta
479 2918 590 2953 esse
623 2918 655 2952 a
686 2902 975 2954 Iustiniana
1011 2902 1063 2967 S.
1089 2915 1128 2956 4.
1173 2904 1218 2958 I.
1252 2906 1316 2954 de
1352 2905 1537 2956 interd.
1566 2901 1627 2968 (4,
1655 2902 1725 2966 15)
1761 2905 1896 2969 inter
1934 2901 1989 2966 S.
2015 2912 2102 2954 148.
2131 2910 2179 2951 et

235 2981 337 3023 149.
365 2972 674 3020 intercalata
702 2971 951 3036 ‘Namque
978 2973 1076 3021 nisi
1098 2979 1218 3020 ante
1252 3009 1264 3020 .
1289 2972 1332 3022 ζ.
1356 3008 1368 3022 .
1389 3008 1402 3021 .
1435 2971 1655 3022 iudicari
1675 2973 1843 3022 solet.’
1894 2985 2023 3035 quae
2047 2972 2177 3020 adeo

236 3039 449 3087 «Gaiana
487 3046 630 3101 sunt,
669 3045 723 3087 ut
761 3054 854 3088 uec
895 3042 948 3088 in
982 3046 1172 3088 textum
1207 3055 1271 3089 ea
1311 3044 1546 3103 recipere
1580 3038 1866 3091 dubitarim.
1929 3039 2021 3088 Ad
2050 3034 2181 3087 idem

232 3120 367 3155 mero
391 3104 735 3170 aryumentum
757 3112 995 3170 spectant
1019 3110 1168 3155 etiam
1193 3110 1323 3171 qu'ae
1348 3105 1510 3157 Btum.
1535 3107 1677 3156 initio
1704 3123 1746 3156 v.
1766 3116 1832 3158 21.
1858 3112 1907 3155 et
1931 3115 1997 3154 22.
2027 3107 2175 3166 eruit,

236 3175 320 3222 ita
345 3181 398 3223 ut
418 3189 586 3236 pauca
620 3180 809 3223 tantum
834 3175 1158 3224 intercidisse
1180 3175 1409 3239 possint,
1447 3189 1576 3238 quae
1609 3189 1718 3223 cum
1748 3173 2072 3239 sequentibus
2096 3190 2179 3222 us·

237 3257 343 3306 -que
386 3242 457 3291 ad
489 3243 640 3304 finem
670 3258 723 3305 p.
758 3251 849 3293 243.
895 3243 1178 3291 sententiae
1216 3242 1568 3305 perficiendae
1609 3257 1766 3290 causa
1805 3242 2050 3305 supplevi.
2114 3240 2180 3288 In

236 3309 366 3358 edd.
392 3314 583 3358 tantum
617 3316 694 3358 est
728 3317 807 3358 aut
841 3309 1147 3370 denegantur.
1264 3305 1305 3374 ¹)
1346 3308 1422 3372 Gs'.
1458 3320 1496 3367 2,
1523 3319 1595 3358 25.
1635 3309 1697 3356 L.
1736 3320 1773 3358 1.
1813 3310 1874 3358 D.
1904 3310 1968 3357 de
2002 3323 2179 3371 usurp.

247 3377 344 3437 (41,
380 3376 446 3439 3).

383 3557 432 3627 ξ.
461 3562 599 3614 165⁸.
635 3562 718 3622 Cf.
748 3563 814 3611 L.
842 3573 880 3611 1.
908 3560 961 3626 S,
983 3572 1029 3613 3.
1065 3562 1127 3610 D.
1159 3561 1248 3611 Uti
1269 3576 1411 3625 pos-3.
1439 3560 1524 3622 (43,
1552 3561 1638 3623 17).
1677 3559 1939 3610 Schrader
1964 3560 2036 3609 ad
2059 3557 2117 3623 S.
2137 3570 2178 3613 4.

243 3628 294 3678 Ι.
325 3630 387 3678 de
410 3630 599 3682 interd.
627 3626 688 3693 (4,
717 3627 805 3694 15).
