2546 3928
842 215 964 251 em
1002 215 1204 254 mem.
1245 202 1337 252 lv,
1379 203 1660 254 lois—108.
2091 199 2251 262 215³

276 340 524 410 fuerint,
557 342 828 414 expirant:
862 348 915 395 et
950 341 1052 395 hoc
1083 350 1197 411 est,
1219 340 1380 419 ‘quod
1412 341 1579 415 uulgo
1613 342 1836 415 dicitur,
1871 359 1899 398 e
1931 344 2054 417 lege
2085 344 2213 399 Iulia

278 425 432 482 litem
480 442 619 480 anno
663 432 716 480 et
757 440 848 479 sex
895 424 1166 480 mensibus
1210 426 1363 479 mori.
1455 409 1586 482 105.
1633 426 1862 500 Imperio
1910 444 2042 483 uero
2087 445 2214 484 con-

276 511 529 565 tinentur
582 510 983 583 recuperatorio
1030 515 1085 564 et
1131 521 1269 582 quae
1328 507 1429 564 sub
1491 527 1598 565 uno
1645 511 1820 567 iudice
1878 513 2215 585 accipiuntur

277 595 683 650 interueniente
748 595 1023 668 peregrini
1078 608 1312 666 persona
1378 593 1568 651 iudicis
1627 604 1718 650 aut
1773 595 2098 669 litigatoris3
2160 597 2214 650 in

281 670 524 734 'eadem¹
575 693 736 734 causa
781 685 939 748 sunt,
988 681 1358 751 quaecumque
1388 687 1538 733 extra
1581 681 1810 753 primum
1842 678 1988 735 urbis
2020 679 2214 735 Romae

280 763 566 818 miliarium
623 770 727 817 tam
781 764 925 817 inter
975 764 1120 818 ciues
1167 761 1438 819 Romanos
1488 780 1648 835 quam
1700 765 1843 819 inter
1894 765 2212 837 peregrinos

279 847 652 920 accipiuntur:
699 846 821 902 ideo
869 855 1046 901 autem
1102 847 1332 920 imperio
1379 849 1646 903 contineri
1700 845 1894 904 iudicia
1940 848 2214 916 dicuntur,

282 933 410 1005 quia
455 931 659 987 tamdiu
705 931 905 998 ualent,
952 930 1205 1004 quamdiu
1250 932 1316 1000 is,
1365 932 1456 1003 qui
1491 947 1549 987 ea
1595 933 1888 1006 praecepit,
1932 933 2216 1006 imperium

281 1015 516 1071 habebit.
605 1012 743 1073 106.
793 1014 856 1071 Et
898 1014 1162 1089 siquidem
1210 1016 1436 1089 imperio
1480 1017 1780 1072 continenti
1836 1015 2033 1072 iudicio
2078 1017 2217 1090 'per-

285 1093 501 1155 actum²
547 1099 731 1170 fuerit,
766 1102 882 1156 siue
913 1101 965 1155 in
999 1116 1109 1155 rem
1143 1102 1259 1155 siue
1291 1101 1343 1155 in
1377 1115 1682 1173 personam,
1715 1101 1835 1156 siue
1867 1117 1927 1156 ea
1959 1100 2214 1171 formula,

282 1198 419 1257 quae
451 1185 502 1239 in
536 1177 751 1261 faff'ctum
783 1192 1042 1256 concepta
1076 1193 1177 1253 est,
1216 1185 1333 1239 siue
1365 1191 1442 1255 ea,
1479 1203 1614 1258 quae
1645 1187 1699 1241 in
1732 1188 1813 1241 ius
1846 1186 2007 1241 hahet
2038 1187 2354 1241 imon-225.

283 1271 523 1340 tionem,
565 1275 754 1342 postea
786 1268 1133 1323 nihilominus
1165 1269 1285 1339 ipso
1316 1269 1432 1322 iure
1464 1268 1530 1323 dc
1563 1270 1745 1324 eadem
1778 1283 1836 1323 re
1869 1271 1955 1342 agi
1998 1276 2214 1341 potest;

285 1360 339 1407 et
389 1352 511 1407 ideo
554 1353 852 1408 necessaria
900 1360 983 1405 est
1024 1352 1271 1423 exceptio
1314 1352 1393 1406 rei
1433 1352 1692 1420 iudicatae
1735 1350 1823 1406 uel
1863 1353 1916 1407 in
1963 1351 2217 1407 iudicium

284 1436 569 1492 deductae.
658 1430 787 1492 107.
835 1435 923 1490 ’At
954 1426 1043 1506 ‚52‘3
1082 1434 1329 1508 legitimo
1373 1434 1569 1504 iudicio
1610 1436 1666 1489 in
1707 1449 1992 1507 personam
2038 1442 2217 1491 actum

284 1522 356 1574 sit
399 1536 462 1575 ea
511 1519 773 1589 formula,
822 1535 955 1591 quae
998 1520 1131 1573 iuris
1177 1518 1350 1574 ciuilis
1393 1517 1551 1573 habet
1595 1519 1981 1590 intentionem,
2025 1526 2215 1591 postea

283 1605 406 1675 ipso
438 1605 557 1658 iure
587 1602 654 1657 de
687 1602 868 1658 eadem
900 1619 959 1658 re
990 1602 1079 1675 agi
1109 1619 1217 1657 non
1247 1609 1456 1675 potest,
1487 1611 1540 1657 et
1573 1603 1641 1658 ob
1672 1601 1726 1657 id
1748 1604 1994 1675 exceptio
2025 1620 2217 1676 super-

287 1702 458 1742 uacua
489 1695 606 1755 est3
638 1689 683 1741 si
716 1702 849 1743 uero
885 1686 969 1742 uel
1002 1688 1056 1741 in
1089 1703 1202 1741 rem
1239 1686 1324 1742 uel
1356 1688 1408 1742 in
1441 1686 1639 1742 factum
1673 1693 1849 1742 actum
1881 1686 2066 1756 fuerit,
2098 1688 2215 1759 ipso

111 1773 267 1831 [299]
290 1771 409 1825 iure
455 1770 801 1826 nihilominus
845 1779 1036 1845 postea
1078 1772 1165 1845 agi
1208 1776 1413 1844 potest,
1458 1778 1511 1825 et
1555 1770 1624 1827 oh
1655 1770 1707 1826 id
1751 1772 1995 1846 exceptio
2029 1777 2216 1827 neces-

287 1857 430 1911 saria
460 1864 544 1911 est
588 1856 663 1910 rei
705 1855 970 1912 iudicatae
1013 1856 1100 1911 uel
1144 1857 1198 1910 in
1238 1854 1494 1911 iudicium
1542 1855 1826 1912 deductae.
1914 1850 2049 1913 108.
2098 1854 2214 1910 Alia

285 1955 445 1996 causa
489 1939 591 1995 fuit
634 1939 759 1995 olim
804 1941 941 2014 legis
986 1942 1292 1996 actionum:
1337 1955 1459 1996 nam
1491 1955 1595 2013 qua
1627 1939 1692 1996 de
1737 1957 1794 1996 re
1827 1948 2002 1996 actum
2047 1939 2215 1995 semel

283 2030 422 2098 erat,
454 2024 521 2080 de
553 2041 610 2080 ea
655 2035 842 2097 postea
885 2027 1005 2099 ipso
1039 2027 1154 2081 iure
1184 2027 1272 2098 agi
1315 2041 1426 2079 non
1455 2032 1696 2097 poterat:
1740 2040 1840 2079 nec
1872 2025 2089 2078 omnino
2120 2025 2214 2093 ita,

424 2238 463 2298 ¹)
503 2239 594 2289 Ex
622 2240 830 2289 Goesch.
869 2241 947 2288 ed.
986 2255 1037 2288 ea
1066 2241 1143 2289 ed.
1175 2239 1273 2302 By.
1381 2235 1424 2300 ²)
1464 2237 1548 2287 Sic
1579 2237 1662 2290 C.‚·
1701 2253 1792 2287 nee
1817 2243 2013 2286 mutare
2039 2239 2214 2294 ausim,

283 2311 402 2357 licet
428 2307 567 2356 dubii
590 2308 789 2371 aliquid
810 2314 1019 2369 moveat,
1049 2308 1186 2372 quod
1206 2306 1477 2356 subiectum
1512 2307 1679 2368 deest3
1718 2321 1831 2354 nam
1867 2307 1915 2354 .ςί
1946 2312 2094 2355 actor
2118 2320 2215 2355 non

284 2374 594 2439 perayebat,
629 2376 726 2424 sed
748 2382 950 2439 causam
974 2374 1313 2439 relinquebat,
1353 2381 1407 2422 ut
1429 2374 1662 2422 iudicium
1680 2375 1827 2436 finito
1852 2374 2064 2436 imperio
2091 2375 2213 2431 eius,

283 2447 375 2507 qui
395 2443 452 2491 id
470 2449 832 2504 praeceperat,
856 2445 1011 2506 plane
1034 2445 1335 2503 solveretur,
1375 2456 1536 2505 neque
1560 2443 1642 2490 rei
1672 2443 1929 2490 iudicatae
1955 2455 2115 2503 neque
2140 2441 2220 2488 rei

281 2512 337 2558 in
379 2510 613 2559 iudicium
656 2511 904 2559 deductae
944 2511 1183 2573 exceptio
1225 2511 1406 2558 iterum
1448 2509 1622 2571 ayenti
1661 2507 1895 2557 obstabat
1937 2504 2076 2569 (Cic.
2117 2521 2215 2569 pro

286 2578 475 2627 Flacco
499 2587 565 2625 21.
598 2574 651 2639 S.
677 2574 772 2638 50);
810 2577 906 2625 sed
929 2584 980 2625 et
1004 2579 1189 2627 iudicio
1217 2576 1311 2625 tali
1331 2577 1557 2639 petitum,
1584 2590 1689 2623 cum
1715 2575 1818 2624 litis
1845 2573 2215 2624 contestatione

280 2650 597 2708 peremptum
633 2659 731 2693 non
766 2652 899 2693 esset
934 2642 996 2705 (3,
1027 2643 1151 2706 180),
1190 2646 1242 2692 in
1277 2644 1736 2707 compensationem
1770 2642 1957 2692 deduci
1987 2647 2213 2705 poterat.

284 2712 351 2761 L.
386 2722 427 2765 8.
466 2713 531 2760 D.
572 2713 635 2760 de
670 2727 920 2774 compens.
957 2709 1043 2773 (16,
1079 2712 1141 2772 2).
1167 2724 1170 2725 ’
1196 2711 1341 2760 Unde
1376 2710 1743 2776 quaerebatur,
1783 2726 1848 2758 an
1883 2710 2042 2759 iudex
2076 2717 2216 2759 recte

283 2787 339 2829 et
374 2781 555 2830 ordine
586 2779 805 2838 faceret,
829 2780 891 2829 Δεἰ
914 2779 1320 2842 quemadmodum
1355 2780 1670 2828 iudicaturus
1707 2785 1856 2837 esset,
1898 2785 2015 2826 ante
2042 2783 2212 2827 osten-

289 2848 451 2896 deret.
504 2849 628 2899 Gell.
665 2857 734 2902 14,
771 2856 810 2899 2.
860 2855 1014 2896 actum
1057 2848 1170 2897 edd,
1217 2858 1218 2861 ’
1300 2842 1340 2910 3)
1384 2846 1472 2895 Ea:
1509 2846 1718 2896 Goesclz.
1746 2847 1826 2896 ed.
1865 2852 1911 2893 at
1953 2856 2062 2892 uero
2111 2840 2215 2908 (si)

284 2916 368 2968 ed.
406 2913 508 2978 By.

424 3097 476 3167 ξ.
503 3102 613 3150 105.
652 3097 1022 3164 recuperatorio]
1052 3101 1119 3160 ef.
1136 3098 1782 3161 Fest.ep.v.Reeiperati0.
1807 3097 1913 3146 Cic.
1935 3096 2087 3146 Verr.
2099 3106 2136 3153 3,
2153 3106 2219 3145 28.

288 3166 346 3231 S.
384 3178 451 3221 69.
500 3170 729 3216 interuen.
770 3182 953 3232 peregr.
990 3164 1138 3230 pem]
1177 3167 1248 3226 cf.
1281 3166 1380 3216 Cic.
1420 3182 1518 3229 pro
1555 3166 1741 3216 Flacco
1776 3175 1840 3214 21.
1877 3159 1930 3230 S.
1955 3174 2020 3214 50.
2065 3164 2113 3211 V
2115 3179 2221 3214 err.

290 3236 377 3284 Il.
406 3245 450 3298 2,
475 3246 539 3284 13.
590 3235 807 3298 quamdiu
844 3230 963 3300 eta]
1003 3235 1073 3295 cf.
1101 3234 1165 3283 L.
1195 3244 1258 3282 13.
1300 3234 1361 3284 D.
1390 3235 1454 3283 de
1486 3235 1667 3283 iurisd.
1706 3233 1769 3295 (2,
1810 3232 1867 3294 1).
1906 3232 1970 3280 L.
1997 3242 2063 3283 49.
2101 3227 2154 3291 S.
2183 3241 2217 3277 1.

289 3303 355 3350 D.
385 3304 448 3352 de
481 3304 634 3352 iudic.
672 3301 733 3365 (5,
766 3299 827 3364 1).
964 3298 1051 3369 ξς.
1083 3303 1338 3359 106.107.
1377 3300 1459 3362 Cf.
1484 3311 1524 3356 3,
1550 3312 1639 3351 181.
1677 3311 1718 3357 4,
1746 3311 1833 3348 121.
1864 3309 1956 3346 123.
1997 3298 2063 3345 L.
2092 3307 2128 3343 1.
2163 3295 2221 3346 C.

284 3373 336 3419 ἐι·
360 3372 472 3424 adv.
502 3385 605 3419 rem
631 3372 782 3422 indic.
810 3369 876 3432 (2,
902 3367 991 3432 27).
1030 3369 1133 3419 Cic.
1169 3370 1231 3418 de
1266 3374 1401 3417 orat.
1428 3381 1465 3428 1,
1490 3378 1555 3416 37.
1590 3362 1642 3432 ὃ.
1673 3376 1759 3415 168.
1900 3361 1950 3428 ξ.
1984 3363 2095 3412 108.
2137 3362 2219 3422 Cf.

285 3435 385 3500 83.
408 3450 472 3487 11.
494 3447 560 3486 30.
590 3435 673 3487 Or.
698 3452 797 3500 pro
820 3438 962 3486 domo
984 3445 1051 3485 29.
1072 3462 1134 3471 -
1169 3435 1371 3485 Terent.
1394 3436 1596 3486 Phorm.
1615 3444 1655 3491 2,
1681 3441 1720 3484 3.
1742 3448 1784 3483 υ.
1810 3439 1860 3480 56
1884 3445 1992 3494 seq.
2028 3430 2218 3479 Donat.

288 3506 362 3554 ad
386 3505 605 3568 Adelph.
629 3515 671 3566 2,
692 3515 732 3552 2.
759 3521 806 3566 v.
822 3514 886 3553 24.
925 3504 1091 3554 Andr.
1119 3514 1161 3564 3,
1190 3515 1250 3550 11.
1277 3518 1320 3554 υ.
1340 3512 1377 3549 ’7.
1418 3499 1646 3550 Eunuch.
1674 3510 1709 3555 1,
1738 3509 1775 3546 1.
1801 3514 1844 3546 v.
1873 3508 1910 3546 9.
1951 3496 2153 3546 Plzorm.
2180 3508 2219 3554 1,

284 3583 328 3626 4.
369 3589 411 3625 υ.
437 3583 501 3622 31.
546 3570 685 3622 Serv.
714 3573 784 3622 ad
807 3573 936 3621 Aen.
964 3583 1007 3633 2,
1035 3582 1125 3620 424.
1165 3568 1366 3629 Quintil.
1396 3568 1441 3616 I.
1471 3566 1528 3618 O.
1558 3577 1596 3623 τ,
1622 3576 1664 3618 6.
1691 3563 1744 3628 S.
1773 3577 1810 3613 1.
