2546 3928
309 188 428 244 136
888 203 1006 239 Gan
1042 204 1235 239 ms‘n‘r.
1276 191 1372 240 111.
1410 191 1644 240 43-46.

303 327 554 383 heredem
599 327 880 401 reliquerit
913 329 1161 400 libertuS,
1204 329 1428 402 perinde
1467 345 1590 402 pars
1633 328 1847 384 dimidia
1878 336 2109 402 patrono
2145 329 2242 384 de-

304 411 483 481 betur,
515 429 588 468 ac
619 417 671 468 si
698 414 812 468 sine
846 413 957 469 ullo
991 413 1101 470 lilio
1137 411 1316 468 filiaue
1350 406 1692 485 '(testatus)¹
1731 420 2069 481 moret-etum
2113 431 2241 470 cum

303 513 435 552 uero
481 497 623 555 duos
664 496 866 553 duasue
910 496 1137 553 heredes
1181 497 1485 570 reliquerit,
1528 499 1687 553 tertia
1732 513 1855 569 pars
1896 497 2147 569 debetur,
2192 500 2237 554 si

301 590 413 637 tres
445 581 736 654 relinquat,
766 581 1049 654 repellitur
1068 590 1352 654 patronus,
1440 577 1538 637 43.
1587 581 1646 637 ln
1676 581 1833 637 bonis
1864 580 2236 639 libertinarum

301 666 500 721 nullam
544 667 789 722 iniuriam
831 667 1054 738 antiquo
1097 668 1214 722 iure
1253 663 1596 738 patiebantur
1641 666 1884 738 patroni:
1929 682 2052 722 cum
2094 668 2235 722 enim

301 750 398 805 hae
440 753 493 806 in
537 759 894 824 patronorum
937 750 1174 823 legitima
1216 750 1392 805 tutela
1433 757 1639 819 essent,
1684 766 1795 806 non
1840 749 1997 805 aliter
2030 751 2236 807 scilicet

300 842 683 891 testamentum
738 834 912 891 facere
970 841 1219 906 poterant
1261 850 1420 907 quam
1471 841 1705 908 patrono
1749 842 2002 904 auctore;
2054 835 2235 908 itaque

171 920 420 982 137‚siue
450 927 640 976 auctor
680 917 747 974 ad
777 926 1158 975 testamentum
1191 917 1492 973 faciendum
1544 913 1553 993 Ι
1603 911 1809 974 ²sactus
1842 926 1986 988 erat,
2032 927 2138 975 aut
2165 922 2237 975 de

183 1006 219 1051 1·
244 1016 282 1049 s.
303 1019 365 1060 se
387 1008 556 1076 queri
577 1003 833 1071 debebat,
869 1002 1041 1074 ’quod
1060 1004 1234 1059 heres
1265 1004 1338 1058 ab
1370 1019 1438 1059 ea
1473 1005 1481 1068 Ι
1517 1003 1742 1059 relictus
1764 995 1919 1059 non3
1949 1011 2098 1072 erat,
2130 1010 2236 1060 aut

301 1091 485 1157 ipsum
516 1103 595 1141 ex
625 1092 980 1157 testamento,
1023 1091 1074 1143 si
1099 1088 1272 1144 heres
1295 1087 1508 1159 falctus
1541 1096 1678 1158 erat,
1722 1085 2051 1160 sequebatur
2082 1088 2236 1144 here·

302 1171 459 1226 ditas·
519 1172 564 1226 si
598 1186 728 1226 uero
761 1180 950 1226 auctor
982 1174 990 1236 Ι
1026 1172 1073 1226 ei
1104 1170 1280 1227 factus
1323 1188 1433 1228 non
1475 1180 1609 1241 erat,
1655 1179 1710 1226 et
1750 1172 2003 1227 intestata
2038 1171 2233 1228 liberta

300 1253 662 1327 moriebatur,
708 1256 854 1327 quita
896 1269 1033 1312 suos
1072 1257 1315 1312 heredes
1350 1256 1568 1328 femina
1612 1254 1828 1313 habere
1871 1273 1984 1313 non
2025 1265 2232 1327 potest,

302 1342 381 1395 ad
411 1346 726 1410 patronum
761 1338 1132 1410 perltinebat:
1178 1358 1281 1396 nec
1319 1341 1550 1412 cogitari
1596 1339 1737 1395 ullus
1768 1356 1942 1396 casus
1974 1348 2228 1410 poterat,

299 1441 411 1495 quo
443 1428 571 1495 quis
602 1427 610 1490 Ι
643 1433 831 1497 posset
862 1432 1152 1497 patronum
1183 1440 1210 1479 a
1241 1423 1399 1481 bonis
1430 1423 1651 1481 libertae
1682 1425 1913 1479 inuitum
1944 1425 2232 1497 repellere.

298 1504 397 1565 44.
447 1506 551 1564 Sed
592 1516 781 1581 postea
823 1510 907 1565 lex
937 1508 1098 1582 Papia
1140 1526 1261 1565 cum
1306 1516 1566 1582 quattuor
1593 1508 1889 1564 liberorum
1923 1510 2041 1564 iure
2073 1507 2235 1564 liber-

298 1593 435 1647 tinas
479 1592 652 1649 tutela
693 1600 1049 1666 patronorum
1089 1593 1347 1649 liberaret
1389 1601 1444 1649 et
1486 1609 1551 1648 eo
1594 1592 1755 1649 modo
1799 1592 2124 1649 concederet
2154 1594 2232 1647 eis

295 1678 457 1732 etiam
489 1679 606 1733 sine
640 1679 854 1744 tultoris
887 1679 1209 1733 auctoritate
1252 1679 1502 1734 condere
1534 1681 1947 1746 testamentum,
1986 1692 2233 1747 prospe·

293 1764 400 1829 xit,
438 1763 447 1825 Ι
483 1768 541 1815 ut
572 1777 671 1833 pro
702 1777 928 1816 numero
960 1760 1269 1831 liberorum,
1320 1778 1457 1834 quos
1501 1760 1691 1817 liberta
1733 1761 1925 1816 mortis
1970 1763 2231 1834 tempolre

293 1842 564 1914 habuerit,
609 1844 778 1898 uirilis
814 1856 944 1916 pars
988 1853 1217 1916 patrono
1247 1845 1530 1916 debeatur,
1576 1847 1749 1919 eilque
1792 1861 1855 1900 ex
1899 1844 2056 1900 bonis
2091 1845 2232 1914 eius„

292 1943 428 2001 quae
462 1944 497 1986 o
527 1922 773 1984 milium⁴
804 1929 1184 1985 sestertiorum
1210 1929 1472 2003 plurislue
1503 1933 1801 2005 reliquerit
1830 1930 2231 2003 patrimonium,

290 2017 343 2070 si
370 2019 766 2071 testamentum
791 2013 1040 2086 fecerim
1086 2015 1313 2072 dimidia
1342 2032 1494 2087 pars
1522 2018 1819 2072 debeatur.
1881 2018 1932 2070 si
1971 2030 2112 2071 uero
2143 2019 2229 2070 in-

292 2105 503 2156 testata
533 2102 742 2156 liberta
772 2100 1035 2164 decessit,
1072 2102 1079 2163 Ι
1115 2106 1232 2156 tota
1265 2100 1533 2155 hereditas
1565 2100 1629 2155 ad
1660 2107 1947 2172 patronum
1971 2100 2231 2171 pertinet.

416 2181 512 2242 45.
564 2179 726 2250 Quae
756 2192 932 2238 autem
955 2182 1206 2238 diximus
1238 2183 1306 2240 de
1339 2192 1590 2256 patrono,
1632 2183 1816 2240 eadem
1846 2182 2227 2256 intellegemus
2249 2200 2370 2260 [κω]

294 2274 349 2322 et
379 2267 446 2322 de
473 2270 594 2338 filio
621 2267 873 2337 patroni;
918 2272 1048 2323 item
1081 2266 1149 2321 de
1179 2276 1386 2339 nepote
1417 2268 1515 2324 'ex
1541 2262 1703 2340 filio⁵
1733 2274 1789 2323 et
1817 2269 1887 2325 de
1916 2275 2230 2340 pronepote

295 2368 374 2407 ex
402 2357 609 2421 nepote
635 2353 756 2421 filio
787 2357 925 2406 nato
951 2358 1241 2424 proynato.
1331 2346 1430 2409 46.
1478 2353 1625 2408 Filia
1662 2368 1792 2407 uero
1822 2355 2065 2425 patroni,
2097 2353 2229 2409 item

293 2435 498 2507 ’neptis
540 2450 619 2492 ex
655 2425 816 2507 filio⁶
858 2445 911 2491 et
942 2439 1232 2508 proneptis
1262 2452 1341 2493 ex
1371 2443 1572 2509 nepote
1610 2436 1746 2508 filio
1777 2443 1912 2493 nato
1942 2445 2227 2512 proqnata

293 2523 540 2592 quamuis
582 2520 725 2577 idem
755 2524 844 2576 ius
873 2521 1142 2589 habeant,
1186 2524 1341 2593 quod
1375 2524 1501 2594 Iege
1530 2538 1622 2578 ΧΠ
1653 2520 1954 2576 tabularum
1995 2530 2228 2594 patrono

292 2603 476 2659 datum
509 2615 612 2676 est,
655 2611 896 2679 praetor
927 2613 1116 2661 tamen
1149 2614 1319 2662 uocat
1351 2613 1565 2662 tantum
1598 2608 1902 2662 masculini
1939 2621 2105 2662 sexus
2133 2622 2228 2678 pa-

432 2799 475 2867 ¹)
513 2801 603 2852 Ea:
635 2802 783 2852 bonis
815 2802 943 2858 cdd.
980 2803 1116 2853 Inst.
1150 2804 1346 2853 addidi.
1415 2802 1458 2864 ²)
1495 2804 1756 2868 Reliquam
1775 2811 1978 2867 partem
2002 2804 2145 2853 huius
2170 2802 2232 2867 Si

289 2876 347 2917 et
370 2878 656 2935 sequentem
676 2877 832 2921 totam
856 2887 985 2920 nunc
1008 2873 1215 2921 reiectis
1239 2872 1320 2934 iis,
1349 2886 1477 2936 quae
1501 2873 1552 2920 in
1578 2872 1695 2925 edd.
1719 2884 1757 2921 1.
1782 2882 1823 2921 2.
1849 2873 1922 2921 ad
1942 2872 2109 2921 hiatus
2133 2887 2230 2921 ex·

288 2939 507 3000 pleucios
526 2940 952 3003 excogitaveram,
975 2953 1045 2988 ex
1064 2939 1115 2987 V
1123 2939 1161 2971 ⁸2
1183 2955 1216 2988 a
1245 2939 1294 2987 Κ
1298 2944 1483 3003 rityero
1509 2935 1654 3002 (lerit.
1676 2940 1934 2989 Ver-suche
1953 2936 2115 3005 p.131)
2140 2954 2230 2988 re-

293 3007 398 3053 lato
420 3007 622 3070 eiusque
643 3022 747 3054 eum
765 3008 1142 3069 supplementis,
1167 3012 1347 3070 paucis
1374 3011 1578 3060 tantum,
1600 3021 1729 3071 quae
1759 3008 1945 3068 notavi,
1973 3006 2228 3070 eoeeeptt‘S,

294 3074 486 3133 recepi.
560 3070 599 3130 ³)
638 3072 720 3132 Cf.
749 3085 788 3129 1,
806 3084 871 3125 21.
897 3083 938 3132 3,
958 3084 1023 3122 40.
1045 3084 1107 3123 70.
1137 3076 1298 3138 ‘quod
1318 3075 1418 3123 sibi
1439 3075 1560 3134 nihil
1584 3076 1818 3123 relictum’
1844 3074 1945 3123 Kr.
2016 3072 2057 3135 ⁴¹)
2097 3076 2230 3124 milia

303 3138 399 3187 Vst
423 3138 526 3189 Kr.
633 3140 673 3199 ⁵)
714 3139 805 3189 Eae
829 3156 939 3190 mea
965 3142 1036 3203 ej.
1068 3144 1218 3191 ‘eius’
1246 3144 1326 3192 ed.
1353 3141 1450 3203 By.
1494 3141 1572 3203 Cf.
1599 3137 1654 3206 S
1681 3152 1749 3191 58.
1823 3141 1864 3204 ⁶)
1906 3141 1995 3191 Ex
2020 3158 2129 3191 mea
2153 3142 2226 3202 ej.

299 3208 511 3269 ‘neptis’
538 3207 619 3255 ed.
646 3206 750 3269 By.

474 3400 486 3411 .
513 3362 593 3410 43.
639 3359 714 3422 Cf.
747 3358 865 3421 Ulp.
891 3368 957 3416 29,
978 3370 1019 3409 2.
1054 3360 1146 3412 Fr.
1173 3363 1235 3410 de
1260 3362 1294 3410 i.
1314 3358 1597 3423 fisei§.1‘2.
1625 3376 1785 3424 supra
1810 3373 1849 3423 1,
1879 3371 1968 3410 192.
2064 3357 2114 3427 ξ.
2140 3362 2226 3409 44.

287 3425 378 3488 Cf.
457 3430 527 3489 lp.
552 3437 623 3489 29,
650 3438 690 3476 2.
719 3438 761 3478 3.
803 3442 963 3490 supra
997 3439 1035 3486 1,
1075 3439 1164 3479 194.
1271 3423 1322 3495 §-
1347 3428 1430 3477 45.
1471 3427 1553 3489 Cf.
1588 3425 1726 3490 8⁵8·
1768 3428 1884 3491 Uip.
1909 3438 1978 3492 29,
2004 3439 2047 3478 4.
2085 3439 2151 3486 ²7,
2176 3441 2224 3477 1.

294 3493 361 3543 L.
387 3502 426 3542 5.
466 3495 531 3544 D.
557 3496 619 3544 de
644 3495 755 3547 bon.
781 3494 950 3544 libert.
980 3492 1067 3560 (38,
1093 3496 1158 3557 2).
1175 3511 1263 3559 pr.
1294 3495 1327 3544 I
1331 3532 1341 3542 .
1369 3496 1432 3544 de
1458 3496 1656 3560 adsiyn.
1680 3495 1766 3545 lib.
1799 3495 1861 3560 (3,
1884 3495 1947 3558 8).
2059 3492 2111 3562 ξ.
2137 3497 2225 3549 46.

289 3556 378 3618 Cf.
405 3560 468 3609 L.
495 3570 560 3608 39.
600 3563 663 3609 D.
692 3564 754 3610 de
779 3561 892 3613 bon.
922 3562 1087 3613 libert.
1116 3561 1199 3625 (38,
1225 3561 1290 3625 2).
