2546 3928
39 65 174 273 Ρ
233 64 333 120 m
670 212 681 225 ι
863 164 981 200 osu
1017 166 1212 202 ms‘rrr.
1247 151 1291 202 1.
1328 152 1560 206 46—48.
2103 152 2181 212 35

42 296 43 299 ’
105 291 230 350 [113]
257 326 275 330 -
1016 309 1100 347 vv,
1136 290 1171 345 2
1192 322 1265 353 -,
1285 290 1383 346 24.
1427 324 2143 331 -Ὴ--“
2171 296 2177 368 3¹
2207 310 2286 361 13,

243 371 347 433 46.
394 392 515 432 nam
546 385 601 431 et
632 378 676 431 si
702 383 1027 430 testamento
1060 377 1280 449 scriptis
1310 377 1365 431 in
1398 375 1579 431 orbem
1605 376 1779 431 seruis
1812 375 2030 432 libertas
2063 377 2182 433 data

247 462 341 533 sit,
366 462 491 534 quia
514 461 697 516 nullus
723 459 858 515 ordo
878 461 1311 516 manumissionis
1335 460 1630 531 inuenitur,
1655 459 1788 516 nulli
1812 459 1965 516 liberi
1991 470 2181 526 erun1;

248 546 372 619 quia
404 544 491 600 lex
525 541 670 603 Fufia
702 543 935 614 Caninia,
981 560 1118 617 quae
1149 546 1202 599 in
1235 543 1477 599 fraudem
1509 544 1622 599 eius
1656 543 1793 599 facta
1823 546 1950 615 sint,
1984 547 2184 600 rescin-

248 629 348 686 dit.
408 635 537 684 sunt
568 630 727 685 etiam
759 629 1010 702 specialia
1039 626 1532 699 senatusconsulta,
1568 628 1764 701 quibus
1796 630 2025 684 rescissa
2055 638 2183 684 sunt

249 729 330 785 ea,
366 710 505 789 quae
535 714 591 769 in
623 713 866 769 fraudem
899 712 1016 768 eius
1047 713 1185 787 legis
1217 714 1523 787 excogitata
1557 719 1703 768 suut.

378 810 471 871 47.
538 814 593 868 [n
634 831 840 870 summa
881 813 1155 870 sciendum
1198 821 1308 884 est,
1352 806 1594 887 (quod)¹
1651 812 1773 888 lege
1815 813 1961 868 Aelia
2003 814 2184 869 Semia

160 896 163 901 ’
249 907 470 955 cautum
501 898 624 968 'est,
664 893 767 955 ut²
796 898 1128 955 creditorum
1161 897 1583 954 fraudandorum
1625 913 1783 953 causa
1816 890 2186 953 ’manumissi3

249 982 403 1040 liberi
449 981 754 1055 nuntiant,
799 985 958 1038 etiam
1003 983 1105 1039 hoc
1147 983 1210 1038 ad
1253 983 1580 1057 peregrinos
1621 983 1919 1056 pertinere,
1965 981 2014 1053 ⁹(
2028 980 2182 1056 quia)

248 1061 511 1141 senatus}
552 1069 625 1123 ita
667 1069 876 1123 censuit
918 1085 982 1123 ex
1026 1068 1347 1123 auctoritate
1389 1060 1625 1143 ⁹(diui)⁵
1667 1065 1949 1123 Hadriani:
2003 1075 2185 1122 cetera

248 1169 383 1208 uero
412 1154 527 1208 iura
560 1153 675 1207 eius
708 1151 845 1226 legis
878 1151 944 1207 ad
973 1153 1295 1225 peregrinos
1331 1168 1438 1207 non
1470 1144 1795 1224 pertinere.6

376 1251 476 1309 48.
525 1253 785 1326 Sequitur
826 1252 893 1309 de
927 1254 1044 1307 iure
1074 1268 1429 1326 personarum
1462 1252 1559 1307 alia
1591 1252 1806 1307 diuisio.
1867 1268 1989 1306 nam
2023 1267 2184 1325 quae-

248 1337 368 1392 dam
399 1353 665 1411 personae
691 1339 774 1393 sui
798 1338 927 1392 iuris
949 1344 1097 1408 sunt,
1130 1336 1388 1411 quaedam
1417 1336 1590 1392 alieno
1615 1338 1718 1391 iuri
1743 1345 1868 1391 sunt
1893 1335 2185 1395 subiectae.

245 1541 437 1600 postea
460 1550 620 1597 supra
644 1535 965 1583 constitutum
999 1549 1249 1583 numerum
1273 1533 1560 1582 manumissi
1580 1536 1829 1596 leyuntur,
1866 1536 1920 1582 in
1941 1535 2187 1583 seruitute

250 1617 344 1652 eos
369 1606 560 1650 certum
585 1607 664 1650 est
684 1615 1005 1664 permanere.
1057 1599 1248 1660 Quodsi
1271 1615 1372 1649 non
1395 1600 1682 1648 nominatim
1705 1600 1849 1649 serui
1869 1603 1951 1650 uel
1972 1603 2186 1650 ancillae

247 1671 302 1719 in
331 1675 630 1719 testamento
650 1668 1076 1730 manumittantur,
1101 1669 1199 1717 sed
1219 1666 1432 1730 confuse
1456 1681 1625 1717 omnes
1647 1682 1827 1717 seruos
1847 1683 1968 1717 suos
1991 1670 2074 1718 uel
2095 1685 2185 1718 an—

246 1738 398 1787 cillas
421 1737 468 1785 is
492 1737 580 1801 qui
600 1741 945 1785 testamentum
972 1735 1124 1798 facit,
1150 1735 1338 1785 liberos
1366 1734 1547 1795 facer-'e
1571 1736 1803 1798 uoluerit,
1840 1738 1964 1785 nulli
1980 1738 2188 1801 penitus

238 1806 394 1867 firma
419 1819 531 1853 esse
555 1803 754 1853 iubetur
771 1803 865 1853 hoc
883 1804 1062 1852 ordine
1081 1804 1206 1853 data
1227 1802 1457 1865 libertas,
1483 1804 1581 1854 sed
1601 1818 1767 1854 omnes
1792 1806 1842 1853 in
1866 1806 2046 1854 seruili
2065 1821 2186 1855 con—

250 1873 468 1934 dicione,
507 1873 593 1937 qui
623 1871 719 1921 hoe
750 1871 932 1920 ordine
956 1872 1241 1920 manumissi
1259 1876 1395 1927 sunt.
1424 1871 1805 1934 permanebunt.
1856 1888 1970 1921 nom
1992 1876 2090 1922 etsi
2112 1875 2185 1921 ita

250 1941 303 1990 in
337 1945 634 1991 testamento
667 1953 929 1990 seruorum
959 1940 1276 1989 manumissio
1310 1939 1579 2004 adscripta
1608 1939 1788 2003 fuerit,
1826 1940 1883 1989 id
1905 1947 1982 1990 est
2007 1941 2058 1989 in
2084 1943 2183 1989 eir-

248 2010 378 2069 eulo,
413 2015 466 2057 ut
491 2010 578 2072 qui
607 2009 771 2072 prior,
809 2010 894 2072 qui
920 2009 1184 2072 posterior
1216 2007 1501 2056 nominatus
1523 2009 1605 2063 sit,
1645 2023 1744 2056 non
1772 2009 1938 2070 possit
1961 2010 2184 2070 aynau-i,

250 2078 376 2126 nulli
397 2092 468 2125 ea:
490 2075 567 2125 his
590 2076 873 2125 libertatem
904 2077 1078 2125 ualere
1101 2074 1419 2134 manifestum
1443 2080 1535 2135 est,
1572 2075 1619 2122 si
1641 2074 1853 2138 agnosci
1873 2090 1974 2124 non
1995 2080 2182 2136 potest,

249 2145 339 2209 qui
365 2145 533 2208 prior,
580 2144 668 2208 qui
693 2144 956 2207 posterior
983 2142 1148 2204 fuerit
1178 2142 1522 2194 manumissus.
1587 2150 1629 2192 3.
1676 2140 1805 2189 Nam
1838 2141 1886 2190 si
1915 2141 2104 2205 aliquis
2136 2144 2186 2189 in

247 2212 568 2276 aegritudine
593 2211 894 2261 constitutus
917 2211 969 2259 in
989 2209 1228 2272 fraudem
1251 2209 1396 2258 huius
1417 2208 1546 2272 legis
1574 2208 1756 2270 faeere
1782 2209 2001 2258 noluerit
2027 2215 2181 2258 testa·

248 2285 474 2341 mentum,
510 2279 606 2328 sed
636 2279 866 2341 epistolis
897 2283 987 2327 aut
1020 2277 1401 2343 quibuscumque
1429 2277 1544 2326 aliis
1567 2276 1719 2325 rebus
1751 2278 1917 2326 seruis
1945 2277 2050 2326 suis
2071 2280 2184 2341 plu·

248 2347 390 2396 ribus
415 2362 559 2411 quam
578 2362 676 2410 per
695 2351 1035 2395 testamentum
1060 2348 1194 2406 licet,
1220 2344 1463 2406 conferre
1489 2346 1706 2393 uoluerit
1729 2343 1993 2394 libertates
2016 2351 2069 2394 et
2090 2345 2181 2393 sub

251 2421 478 2479 tempore
512 2415 686 2463 mortis
718 2413 810 2464 hoc
839 2414 1045 2475 fecerit,
1081 2413 1144 2470 hi,
1183 2412 1270 2478 qui
1301 2412 1446 2475 prius
1469 2412 1759 2461 manumissi
1777 2411 1993 2474 fuerint,
2029 2427 2186 2476 usque

250 2484 324 2532 ad
353 2497 601 2531 numerum
642 2484 877 2545 superius
909 2482 1228 2530 constitutum
1261 2479 1411 2528 liberi
1442 2487 1607 2538 erunt,
1652 2480 1738 2541 qui
1770 2493 1894 2527 uero
1926 2484 2045 2541 post
2079 2485 2185 2526 sta·

252 2556 405 2600 tutum
441 2564 693 2599 numerum
731 2549 1018 2598 manumissi
1042 2547 1259 2609 fuerint,
1304 2546 1444 2594 serui
1475 2548 1584 2593 sine
1618 2543 1769 2593 dubio
1800 2543 2183 2608 permanebunt.

250 2629 291 2670 4.
323 2617 449 2666 Nam
481 2617 528 2665 si
558 2618 817 2666 incolumis
850 2628 1180 2680 quoscumque
1215 2613 1419 2662 diuerso
1453 2618 1679 2675 tempore
1712 2612 2009 2674 manumisit,
2053 2613 2187 2662 inter

252 2700 357 2747 eos,
394 2685 480 2749 qui
506 2700 604 2748 per
636 2690 984 2733 testamentum
1007 2680 1296 2730 manumissi
1315 2685 1446 2741 sunt,
1487 2680 1769 2729 nullatenus
1794 2684 2182 2745 computentur’.

254 2752 346 2803 Ex
376 2752 454 2801 Izis
488 2759 653 2801 tamen
689 2750 1010 2814 Epitomator
1043 2764 1120 2809 ea,
1160 2762 1290 2813 quae
1327 2744 1426 2811 33.
1461 2757 1501 2797 3.
1532 2755 1573 2797 4.
1608 2749 1947 2808 eontinentur,
1982 2750 2186 2798 aliunde

254 2835 399 2885 qnam
431 2835 502 2869 ex
538 2819 664 2869 Gaio
696 2820 933 2868 sumsisse
966 2818 1182 2869 videtur.
1289 2814 1329 2879 ¹)
1367 2812 1565 2878 ‘(cum›'
1613 2818 1692 2866 ed.
1726 2815 1825 2881 By.
1932 2812 1975 2880 ²)
2014 2820 2075 2865 sit
2110 2824 2190 2864 aut

253 2886 437 2942 Sched.
473 2888 551 2945 sit,
588 2894 636 2936 ut
670 2887 757 2952 qui
788 2887 869 2935 ed.
894 2884 993 2948 By.
1042 2883 1148 2934 Sed
1170 2886 1525 2947 superscripta
1551 2890 1669 2934 nota
1703 2900 1732 2947 q
1768 2885 1867 2945 (=
1892 2884 2022 2946 qui),
2057 2897 2187 2947 quae

251 2955 443 3019 effecit,
476 2961 531 3006 ut
555 2956 703 3004 etiam
724 2959 845 3018 post
867 2954 978 3003 voci
1002 2953 1276 3001 manumissi
1301 2951 1773 3015 superscriberetur
1797 2952 1907 3007 sint,
1941 2965 2049 2999 mea
2072 2964 2186 3000 sen-

251 3023 412 3072 tentia
435 3038 506 3072 eoe
529 3036 711 3072 errore
728 3022 823 3070 leue
843 3023 1095 3071 translata
1119 3027 1199 3069 est
1219 3020 1324 3068 sive
1348 3034 1419 3067 εει·
1443 3020 1775 3068 antecedente
1799 3033 1965 3080 versu,
1992 3016 2076 3067 ubi
2100 3019 2190 3067 de·

250 3091 513 3140 sideratur
537 3090 678 3154 quod,
704 3089 807 3139 sive
833 3104 904 3139 eae
927 3105 971 3139 v.
990 3097 1049 3146 8.,
1079 3087 1164 3136 ubi
1186 3088 1294 3151 quia
1321 3091 1439 3135 ante
1464 3102 1507 3135 v.
1535 3093 1725 3137 senatus
1744 3087 1959 3136 excidit.
2018 3083 2060 3148 ³)
2088 3100 2190 3134 ma-

255 3160 451 3208 numissi
479 3161 573 3207 sint
598 3158 677 3206 ed.
706 3156 804 3221 By.
831 3157 930 3208 vid.
957 3162 1061 3206 not.
1087 3165 1155 3205 49.
1233 3152 1278 3216 ⁴)
1318 3161 1506 3203 senatus
1533 3153 1588 3203 0.
1617 3155 1696 3204 ed.
1725 3152 1823 3218 By.
1905 3153 1949 3215 ⁵)
1992 3154 2197 3202 Addidi

253 3241 324 3274 ex
345 3232 596 3290 perpetuo
626 3225 742 3275 Gaii
763 3238 921 3275 more.
992 3222 1034 3286 ⁶)
1075 3221 1316 3287 Sequitur
1341 3222 1475 3271 linea
1499 3237 1675 3271 vacua.

388 3375 442 3443 ξ.
470 3378 553 3430 46.
597 3377 672 3440 Cf.
705 3393 865 3441 supra
900 3375 955 3440 3.
992 3383 1079 3426 21⁸.
1123 3375 1187 3424 L.
1218 3383 1288 3423 37.
1332 3374 1397 3423 D.
1435 3374 1499 3422 de
1532 3374 1720 3423 condit.
1759 3381 1808 3422 et
1843 3373 1969 3420 dem.
2009 3366 2097 3429 (35,
2126 3366 2196 3418 1).

254 3441 306 3510 ξ.
332 3447 416 3498 47.
459 3444 536 3506 Cf.
566 3443 618 3508 3.
645 3455 714 3495 37.
787 3442 1143 3508 3346-51.
1182 3463 1247 3482 =
1288 3442 1345 3489 L.
1375 3452 1397 3488 1
1417 3456 1503 3503 pr.
1534 3441 1592 3488 D.
1624 3441 1687 3488 de
1712 3440 1788 3488 his
1814 3438 1899 3502 qui
1921 3437 2000 3483 sui
2035 3434 2099 3492 (1,
2124 3429 2198 3492 6).

256 3529 333 3575 pr.
361 3512 407 3561 Ι.
439 3514 551 3563 eod.
578 3512 640 3574 (1,
667 3510 730 3576 8).
1721 3586 1786 3634 3*
1879 3531 1882 3534 Δ
