2546 3928
900 155 1247 240 (unimur.
1286 188 1377 237 IV.
1420 190 1650 242 14—15.
2111 186 2230 243 183

289 327 615 401 sponsionis
648 334 701 381 et
733 326 1157 400 restipulationis
1197 342 1371 400 poena
1403 326 1557 381 luero
1589 326 1729 382 cedit
1771 327 2108 397 aduersario,
2142 329 2235 400 qui

77 403 272 477 ’[266]
296 411 519 467 uicerit.
606 407 695 466 14.
755 409 933 466 Poena
982 418 1162 465 autem
1216 406 1537 466 sacramenti
1590 419 1684 466 aut
1727 412 2076 483 quingenaria
2117 417 2234 465 erat

297 502 401 550 aut
444 496 928 568 quinquagenaria:
973 511 1107 549 nam
1148 493 1214 549 de
1257 492 1418 548 rebus
1460 494 1584 549 mile
1626 496 1761 550 aeris
1804 494 2046 568 plurisue
2078 495 2233 567 quin-

298 580 485 653 gentis
528 579 758 649 assibuS‚
800 578 866 633 de
908 579 1131 633 minoris
1173 594 1315 634 uero
1361 579 1751 652 quinquaginta
1793 578 2000 646 assibus
2053 595 2232 634 sacra-

297 671 489 718 mento
542 662 986 719 contendebatur
999 687 1018 725 ,·
1062 679 1183 716 nam
1235 665 1316 717 ita
1358 661 1481 735 lege
1520 680 1613 719 ΧΠ
1666 663 1969 719 tabularum
2017 671 2234 718 cautum

300 756 437 803 erat.
528 754 581 803 at
624 751 676 803 si
704 749 774 802 de
810 748 1078 803 libertate
1123 746 1354 802 hominis
1397 749 1771 802 controuersia
1811 755 1947 819 erat,
1981 748 2080 802 etsi
2112 764 2235 821 pre·

299 833 629 887 tiosissimus
673 832 837 886 homo
882 838 1048 902 esset,
1096 838 1271 885 tamen
1316 838 1376 885 ut
1416 849 1453 887 L
1487 832 1695 886 assibus
1738 838 2070 887 sacramento
2103 848 2232 887 eon-

301 916 655 986 tenderetur,
713 916 901 971 eadem
942 914 1063 988 lege
1113 922 1332 969 cautum
1375 923 1459 970 est
1514 915 1720 971 fauoris
1771 916 1996 986 ’eausa‚
2054 922 2114 971 ut
2168 930 2232 972 eo

293 1000 542 1073 facilius
575 992 1065 1071 compararentur¹
1110 999 1437 1055 adsertores,
1479 993 1487 1076 Ι

301 1102 387 1136 vv.
417 1084 636 1142 1-20,
668 1115 1122 1122 ——————-
1155 1092 1163 1144 Ι
1197 1113 2230 1123 ——————————
2266 1074 2298 1117 t.
2327 1084 2368 1119 ⁸·

302 1162 434 1224 215.
481 1166 758 1225 'Ceterum
803 1185 931 1223 cum
977 1162 1185 1223 etiam3
1224 1171 1378 1232 ilstae
1421 1186 1606 1224 omnes
1651 1171 1889 1225 actiones
1923 1198 2004 1207 —
2037 1199 2118 1208 —-
2149 1198 2231 1207 —

446 1381 484 1446 ¹)
523 1382 724 1445 Scripsi
746 1382 1169 1429 accommodatius
1192 1383 1263 1429 ad
1284 1396 1480 1429 sensum
1505 1389 1555 1429 et
1587 1382 1658 1429 ad
1681 1381 1866 1430 Sebed.
1892 1382 2088 1430 ductus.
2146 1381 2201 1439 (Ι
2203 1398 2234 1430 n

298 1451 362 1505 C.
386 1450 576 1511 fuerit:
610 1458 659 1497 ut
694 1466 749 1497 eo
786 1449 972 1496 facilius
1007 1448 1349 1511 7pararentur.)
1400 1452 1569 1497 ‘eausa
1606 1464 1668 1496 ne
1700 1449 2027 1497 satisdatione
2061 1464 2234 1497 onera-

302 1520 493 1569 rentur’
522 1533 591 1564 ex
614 1517 733 1564 Sao.
760 1516 833 1576 ej.
865 1518 1142 1577 pleraeque
1177 1516 1294 1564 edd.
1344 1516 1509 1564 fauore
1546 1518 1736 1563 seilicet
1763 1514 2005 1564 tiber-tatis
2032 1532 2088 1564 ne
2114 1530 2235 1565 one-

302 1592 528 1635 rarentur
562 1584 642 1631 ed.
678 1582 778 1643 By.
804 1591 845 1630 5.
951 1578 993 1645 ²)
1032 1582 1152 1630 Hae
1182 1583 1363 1645 priore
1398 1588 1546 1645 parte
1589 1584 1833 1646 payinae‚
1876 1583 1928 1631 in
1971 1599 2070 1647 qua
2114 1583 2236 1631 nihil

305 1652 414 1713 leyi
435 1652 627 1713 potuit,
666 1652 729 1698 de
754 1651 900 1698 modo
934 1651 1245 1698 sacramenti
1275 1651 1551 1711 disputatio
1587 1650 1881 1699 continuata
1905 1657 1955 1699 et
1987 1651 2060 1698 ad
2081 1651 2234 1710 finem

305 1721 565 1783 perducta
589 1732 699 1766 esse
724 1718 947 1778 videtur,
983 1724 1036 1765 ut
1059 1724 1209 1779 puto,
1250 1718 1343 1766 hoe
1364 1718 1480 1779 fere
1504 1719 1674 1768 modo:
1705 1716 1776 1765 ‘E
1802 1719 2005 1767 diuerso
2030 1719 2079 1766 si
2098 1719 2235 1767 inter

303 1788 545 1850 populum
579 1792 632 1834 et
661 1786 912 1847 priuatum
947 1787 1300 1834 controuersia
1325 1793 1441 1834 erat
1469 1789 1550 1834 uel
1574 1787 1646 1834 ad
1675 1787 2010 1835 centumuiros
2049 1785 2234 1846 ibatur,

301 1855 419 1903 siue
443 1868 529 1901 res
552 1854 663 1900 mile
689 1854 827 1901 aeris
850 1855 1078 1915 pluris-ue
1102 1854 1209 1901 siue
1232 1855 1441 1902 minoris
1466 1860 1614 1911 esset,
1640 1856 1949 1902 sacramenti
1968 1868 2137 1916 poena
2162 1869 2232 1903 ex

305 1925 418 1984 Ieye
463 1920 685 1969 Hateria
736 1918 960 1983 Tarpeia
1002 1937 1033 1969 a
1074 1929 1319 1982 praetore
1361 1921 1736 1978 aestimabatur,
1780 1922 1924 1971 modo
1967 1935 2028 1969 ne
2071 1923 2232 1970 minor

308 1989 594 2054 quingentis
628 2003 787 2052 neque
820 1990 981 2036 maior
1015 1988 1079 2036 Il
1090 1988 1114 2035 I
1150 1989 1343 2036 milibus
1374 1989 1525 2037 ‘aeris
1563 1995 1896 2038 statueretur.
1951 1995 2232 2050 praeterea

306 2062 419 2120 1696
446 2056 581 2104 Iulia
611 2056 826 2118 Papiria
850 2061 1044 2103 cantum
1069 2061 1163 2114 est,
1190 2070 1251 2103 ne
1276 2057 1440 2117 pluris
1465 2070 1610 2117 quam
1632 2055 1748 2116 ipsa
1771 2069 1856 2103 res
1882 2060 2031 2113 esset,
2057 2069 2232 2103 saera-

307 2131 518 2173 mentum
552 2128 867 2171 statueretur
904 2120 993 2182 (cf.
1029 2121 1170 2181 infra
1203 2132 1247 2184 4,
1285 2121 1370 2181 95).
1417 2125 1465 2170 si
1494 2137 1617 2170 uero
1651 2125 1978 2184 magistratus
2009 2137 2106 2182 pro
2139 2137 2233 2184 po-

310 2195 427 2254 pulo
453 2190 651 2254 agebat,
680 2193 828 2238 etiam
850 2191 1086 2251 priuatus
1114 2194 1302 2236 tantum
1325 2195 1644 2238 sacramento
1676 2188 2108 2252 interrogabatur.
2156 2189 2233 2238 id—

225 2306 254 2327 „
310 2275 405 2325 que
438 2273 640 2320 semper
666 2258 840 2319 fiebat,
878 2272 982 2304 eum
1016 2272 1087 2304 ex
1120 2259 1228 2319 1696
1265 2257 1437 2320 aliqua
1471 2271 1592 2314 eum,
1627 2257 1714 2321 qui
1745 2263 1926 2305 eontra
1959 2258 2114 2319 legem
2146 2256 2232 2318 fe·

311 2329 479 2387 cisset,
507 2328 555 2374 t'n
579 2341 780 2374 sacrum
804 2325 1033 2372 iudicare
1058 2323 1239 2374 Iz’eebat
1263 2326 1321 2373 id
1342 2330 1419 2372 est
1448 2330 1499 2370 ut
1526 2340 1557 2372 a
1589 2327 1887 2389 magistratu
1910 2329 2231 2373 sacramento

310 2396 737 2457 interroyaretur‚
780 2407 835 2440 se
879 2399 1059 2440 eontra
1100 2394 1254 2456 Iegem
1297 2406 1396 2440 non
1435 2393 1664 2453 fecisse'.
1727 2390 1832 2453 (Cf.
1870 2393 1989 2440 Lex
2031 2391 2122 2440 Sit.
2167 2393 2231 2440 de

309 2463 463 2525 pond.
500 2463 643 2522 apud
672 2461 811 2509 Fest.
845 2477 887 2513 v,
915 2460 1060 2507 Publ.
1084 2461 1321 2522 pondera
1349 2475 1401 2521 p.
1428 2468 1521 2507 246.
1572 2459 1692 2506 Lea·
1725 2460 1787 2506 de
1821 2458 1974 2518 infer.
2011 2473 2055 2505 v.
2091 2468 2116 2506 6
2151 2455 2231 2520 [0.

312 2530 360 2578 I.
390 2531 451 2578 L.
480 2529 526 2577 I.
554 2539 670 2578 1409.
699 2545 750 2591 p.
775 2536 865 2577 263.
916 2525 1020 2574 Cic.
1049 2529 1112 2575 de
1145 2541 1257 2587 rep.
1292 2536 1333 2580 2,
1361 2534 1424 2574 35.
1478 2526 1614 2573 Fest.
1640 2541 1684 2572 v.
1712 2524 2107 2581 Sacramentum,
2136 2523 2236 2571 Sa-

261 2596 264 2599 *
306 2603 566 2646 eramento
590 2613 642 2659 p.
667 2605 757 2644 347.
785 2604 875 2643 344.
906 2593 1079 2654 Mim.)
1184 2590 1225 2654 ³)
1254 2592 1345 2640 Aa
1365 2592 1929 2653 sententiam-supplevi.

310 2763 410 2810 pro
435 2747 547 2796 Miz.
574 2756 639 2796 27.
676 2761 774 2809 pro
800 2745 950 2795 Caee.
988 2753 1053 2792 33.
1092 2741 1145 2807 3.
1180 2753 1246 2792 97.
1281 2744 1333 2791 in
1366 2743 1518 2791 Verr.
1546 2752 1587 2804 2,
1617 2755 1652 2798 1,
1678 2751 1744 2795 45.
1782 2740 1832 2804 S.
1859 2752 1947 2796 118.
1997 2745 2061 2792 de
2097 2749 2232 2792 orat.

223 2872 226 2875 ,
312 2828 351 2873 1,
379 2825 442 2864 10.
476 2812 528 2877 S.
553 2824 622 2863 42.
656 2828 753 2877 pro
780 2815 923 2862 domo
948 2821 1014 2860 29.
1054 2809 1107 2873 S.
1136 2820 1201 2877 78.
1246 2813 1310 2859 de
1334 2825 1444 2873 rep.
1467 2820 1509 2871 2,
1534 2819 1598 2863 35.
1635 2808 1687 2873 S.
1713 2819 1781 2861 60.
1827 2813 1898 2859 ad
1916 2811 2076 2872 famil.
2103 2821 2142 2871 7,
2167 2821 2231 2861 32.

311 2883 507 2932 Arnob.
536 2883 650 2931 adv.
673 2887 807 2944 yent.
833 2891 875 2940 4,
902 2889 967 2932 16.
1012 2878 1062 2926 V
1059 2881 1187 2928 aler.
1211 2877 1362 2928 Max.
1391 2888 1428 2935 7,
1455 2887 1498 2926 8.
1527 2875 1579 2940 S.
1603 2887 1645 2925 2.
1683 2889 1724 2938 8,
1752 2889 1788 2927 7.
1819 2875 1873 2940 S.
1897 2887 1937 2925 2.
2113 2912 2127 2926 .
2154 2880 2234 2926 14.

310 2951 394 3012 Cf.
430 2950 618 3003 Varro,
646 2949 785 2997 Fest.
814 2951 864 2999 II.
892 2962 965 2995 ee.
1009 2947 1047 2994 si
1075 2948 1132 2995 de
1159 2943 1398 3009 libertate]
1433 2947 1501 3008 ef.
1530 2946 1642 2994 Liv.
1675 2954 1715 3002 3,
1741 2956 1792 2994 44
1814 2960 1921 3009 seq.
2062 2994 2076 3010 ι
2101 2983 2112 2996 .
2153 2946 2232 2996 15.

301 3018 393 3078 Cf.
446 3019 619 3068 Valer.
671 3015 827 3064 Proh.
869 3025 909 3063 4.
950 3027 1152 3062 CAPTvs
1193 3011 1324 3076 svm]
1366 3014 1435 3070 ef,
1481 3009 1534 3079 S.
1577 3022 1642 3063 16.
1680 3029 1722 3065 υ.
1762 3027 1982 3070 QVANDO
2014 3027 2234 3064 Imvnu

307 3097 717 3136 wxchvm'rt.
788 3085 846 3132 ad
890 3079 1125 3147 iudicem]
1168 3081 1239 3143 ef.
1283 3079 1336 3144 S.
1382 3091 1445 3130 18.
1499 3082 1575 3130 die
1617 3079 1763 3144 xxx]
1806 3081 1872 3142 cll
1917 3081 2085 3132 Schol.
2128 3082 2232 3131 Cic·

321 3153 372 3200 V
371 3169 475 3202 err.
510 3163 549 3209 2,
586 3162 625 3208 1,
660 3162 700 3203 9.
737 3149 788 3212 S.
808 3160 857 3200 26
885 3148 1026 3198 Bait.
1075 3165 1157 3214 per
1191 3150 1343 3212 legem
1380 3147 1634 3214 Pinariam]
1669 3158 1794 3213 puta
1826 3151 1960 3199 illam
2008 3151 2236 3199 Varroni

307 3221 454 3284 apud
486 3218 720 3272 Maerob.
748 3218 858 3266 Sat.
883 3228 923 3278 1,
953 3227 1000 3266 13
1027 3219 1119 3279 fin.
1155 3224 1476 3267 memoratam
1509 3219 1759 3282 latamque
1791 3233 1837 3268 a.
1871 3235 1920 3269 u.
1954 3228 2069 3273 282..
2105 3231 2235 3281 quae

309 3290 363 3338 in
388 3288 735 3350 computandis
769 3287 845 3334 lu‘s
876 3298 980 3334 ,ΠΧ
1008 3285 1182 3334 diebus
1215 3287 1366 3334 etiam
1397 3286 1724 3334 intercalaris
1754 3286 2002 3333 rationem
2027 3291 2077 3334 et
2099 3298 2234 3330 men-

312 3357 496 3405 tionem
528 3354 713 3402 habuit.
767 3354 887 3403 Alia
922 3352 1108 3416 probat
1134 3352 1424 3402 Mommsen.
1461 3352 1699 3403 Chronol.
1732 3368 1780 3409 p.
1808 3361 1899 3398 252.
1931 3348 2031 3413 [238
2055 3351 2138 3398 ed.
2167 3345 2232 3409 1.]

307 3417 749 3486 compen-adinum]
794 3421 862 3483 cf.
904 3421 1080 3469 Valer.
1120 3420 1271 3469 Prob.
1308 3430 1347 3468 4.
1404 3418 1507 3468 Cic.
1542 3434 1641 3481 pro
1679 3417 1817 3464 Mur.
1852 3426 1900 3464 12
1927 3418 2018 3476 fin.
2063 3414 2232 3466 Senot.

311 3491 417 3543 Cic.
439 3492 471 3543 Ι.
496 3505 542 3540 6.
573 3489 802 3538 Mac-rob.
829 3488 939 3537 Sat.
957 3501 991 3544 1,
1013 3497 1074 3540 16.
1105 3487 1152 3534 F
1149 3494 1241 3535 est.
1260 3504 1303 3539 v,
1331 3487 1429 3534 Res
1449 3484 1898 3546 comperendinata
1916 3491 2075 3543 ρ.282.
2107 3481 2232 3529 Gelt.

307 3568 350 3616 ’1,
379 3570 417 3607 1.
455 3567 519 3618 10,
544 3567 610 3605 24.
650 3558 765 3605 ΡΙὶη
810 3572 890 3620 ep.
915 3565 955 3613 5,
980 3566 1003 3604 9
1032 3551 1141 3618 (21).
1186 3569 1355 3602 causae
1392 3547 1647 3610 conlectio]
1683 3548 1750 3608 ef.
1787 3547 1952 3596 Senot.
1992 3547 2091 3596 Cic.
2128 3550 2157 3596 l.
2187 3563 2233 3595 c.
