2546 3928
159 1654 276 1702 123.

300 234 419 288 1⁶22
838 210 981 281 ssoAn
1016 246 1210 280 msa-rr.
1253 232 1324 281 11.
1363 234 1665 280 264—270.

292 379 510 446 potest,
564 379 624 426 ut
680 371 766 427 uel
819 372 976 426 hores
1025 378 1255 445 rogetur
1304 373 1709 441 manumittere,
1778 369 1863 425 uel
1915 369 2273 443 legatarius(

292 452 431 513 264.
480 457 602 512 Nec
633 460 893 526 interest,
938 464 1130 512 utrum
1160 457 1228 510 de
1257 471 1362 511 suo
1390 459 1634 527 proprio
1664 469 1836 510 seruo
1867 462 2113 511 testator
2146 472 2246 510 ro·
2274 467 2432 525 [203]

296 550 410 616 get,
443 559 508 597 an
535 541 601 596 de
627 557 714 611 eo,
748 544 841 613 qui
864 542 1032 614 ipsius
1059 540 1272 595 heredis
1295 546 1398 594 aut
1417 541 1669 612 ἱεραὶ-’πῆ
1694 538 1780 594 uel
1807 540 1967 594 etiam
1990 542 2248 596 extranei

293 629 385 681 sit.
475 621 614 682 265.
660 626 844 698 ltaque
877 633 929 679 et
959 625 1165 680 alienus
1197 640 1393 679 seruus
1424 623 1615 679 redimi
1640 631 1693 679 et
1719 623 2021 678 manumitti
2045 623 2245 679 debet:
2332 646 2339 653 ·

296 710 498 784 quodsi
533 712 795 766 dominus
832 724 958 765 eum
989 727 1101 765 non
1136 707 1358 777 uendat,
1405 725 1534 763 sane
1577 712 1937 781 extinyuitur
1966 709 2242 779 libertaS,

294 799 428 869 quia
467 813 579 866 pro
622 796 886 851 libertate
924 794 1095 865 pretii
1136 794 1467 866 computatio
1510 791 1656 847 nulla
1687 793 2002 848 interuenit.
2090 788 2242 850 266.

296 879 396 946 Qui
440 888 617 934 autem
663 896 727 934 ex
771 878 1186 933 tideicommisso
1229 877 1647 947 manumittitur,
1697 894 1804 932 uon
1848 879 2129 933 testatoris
2179 877 2246 932 fit

292 966 552 1033 libertus,
596 965 820 1019 etiamsi
859 964 1135 1018 testatoris
1178 976 1386 1017 seruus
1427 966 1514 1030 sit,
1561 964 1664 1017 sed
1702 965 1846 1031 eius,
1891 965 1992 1034 qui
2029 980 2245 1019 manu-

293 1050 481 1104 mittit.
570 1043 704 1103 267.
765 1048 833 1101 At
878 1050 968 1119 qui
1014 1047 1218 1102 directo
1262 1054 1588 1101 testamento
1643 1045 1779 1101 liber
1819 1062 1940 1101 esse
1991 1045 2246 1118 iubetur,

297 1135 454 1189 uelut
509 1132 613 1186 hoc
667 1134 862 1187 modo.-
921 1141 1170 1182 STIOHVS
1204 1140 1430 1181 SERVVS
1460 1141 1620 1180 MEVS
1654 1141 1844 1180 LIBER
1884 1141 2044 1187 ESTO.
2110 1134 2248 1186 uel.-

295 1226 556 1266 STJGHVM
584 1226 835 1268 SERVVM
863 1227 949 1265 ME
960 1226 1041 1265 VM
1060 1226 1234 1265 LIBER
1245 1226 1328 1265 VM
1356 1225 1496 1264 ESSE
1520 1226 1713 1273 JVBEo,
1758 1219 1807 1270 is
1835 1210 2026 1286 ipsius
2057 1224 2249 1271 testa·

298 1303 434 1356 toris
477 1299 539 1354 fit
581 1299 829 1355 libertuS.
892 1317 991 1355 nec
1023 1300 1159 1355 alius
1192 1300 1334 1354 ullus
1367 1299 1574 1354 directo
1616 1316 1679 1354 ex
1712 1307 2039 1354 testamento
2072 1300 2244 1355 liher-

298 1394 459 1442 tatem
496 1384 691 1440 habere
723 1393 923 1458 potest,
972 1402 1131 1458 quam
1165 1385 1254 1456 qui
1288 1393 1525 1456 utroque
1556 1392 1799 1455 tempore
1844 1385 2118 1439 testatoris
2156 1400 2245 1440 ea:

296 1475 421 1526 iure
464 1468 765 1535 Quiritium
806 1470 1013 1541 fuerit,
1059 1478 1113 1525 et
1156 1487 1265 1542 quo
1303 1468 1538 1540 faceret
1581 1475 1987 1539 testamentum,
2029 1476 2085 1523 et
2125 1486 2255 1541 quo

296 1564 618 1609 moreretur.
659 1550 665 1631 Ι

428 1633 601 1695 ¹268.
650 1638 873 1693 Multum
906 1647 1082 1693 autem
1117 1637 1406 1706 differunt,
1449 1652 1583 1709 quae
1627 1652 1724 1709 per
1760 1635 2245 1694 fideicommissum

295 1724 709 1794 relinquuntur,
743 1722 807 1776 ab
841 1724 945 1791 his,
991 1738 1138 1793 quae
1170 1722 1376 1776 directo
1408 1723 1526 1776 iure
1558 1721 1825 1792 legantur.
1915 1717 2052 1777 269.
2100 1721 2249 1777 Nam
2312 1740 2319 1741 ’

296 1823 420 1861 ecce
451 1823 551 1878 per
581 1805 1054 1860 fideicommissum
1099 1805 1288 1860 'etiam
1320 1812 1457 1859 ante
1489 1805 1703 1859 heredis
1748 1801 2198 1880 (institutionem)
2220 1801 2249 1839 ²

294 1889 527 1961 relinqui
561 1895 774 1961 potest:
821 1905 940 1944 cum
984 1888 1220 1961 alioquin
1263 1889 1504 1961 legatum
1547 1889 1891 1946 ’testamenti
1928 1891 2098 1952 inittio
2140 1907 2248 1947 re-

294 1967 529 2031 lictum3
572 1974 762 2029 inutile
793 1975 880 2029 sit.
928 1971 968 2042 †
1001 1974 1046 2042 †
1076 1969 1160 2042 †⁴
1246 1969 1382 2030 270.
1431 1974 1560 2029 Item
1606 1977 1896 2031 intestatus
1937 1978 2254 2032 moriturus

400 2123 439 2187 ¹)
472 2124 795 2172 Praecedunt
820 2125 951 2172 duae
972 2126 1135 2172 lineae
1155 2138 1364 2181 vacuae,
1389 2123 1627 2171 rubricae
1648 2124 1953 2173 destinatae.
2023 2121 2067 2187 ²)
2094 2122 2252 2174 Scri·

290 2192 377 2255 psi
387 2209 404 2245 ‚·
442 2193 571 2239 banc
597 2192 723 2239 enim
751 2192 1092 2254 differentiam
1120 2207 1151 2238 a
1180 2190 1308 2239 Gaio
1334 2192 1496 2240 omitti
1519 2206 1615 2239 non
1637 2192 1865 2253 potuisse
1891 2207 2098 2256 eamque
2118 2196 2246 2255 pri·

293 2274 419 2305 mam
442 2260 623 2316 fuisse,
653 2274 796 2320 quam
819 2260 1062 2318 referret,
1092 2274 1161 2306 ex
1187 2253 1237 2321 S.
1261 2268 1352 2311 229.
1380 2259 1630 2316 eflicitur:
1655 2259 1725 2320 cf.
1758 2257 1876 2322 Ulp.
1905 2268 1970 2315 25,
1998 2269 2038 2308 8.
2069 2261 2248 2309 ‘insti—

294 2326 555 2373 tutionem’
583 2340 701 2372 vero
728 2326 790 2373 ob
814 2327 989 2388 siylam
1013 2338 1123 2381 1119,
1161 2341 1290 2388 quae
1325 2332 1401 2373 est
1436 2326 1662 2375 ‘heredis
1685 2328 1957 2376 institutio’
1991 2325 2243 2390 (Putsclz.

299 2391 511 2445 Gramm,
536 2399 632 2440 vet.
658 2408 713 2454 p.
740 2390 879 2456 1674),
909 2400 1096 2440 tantum
1121 2407 1217 2454 pro
1246 2394 1495 2442 ‘heredis’
1522 2401 1781 2454 acceptam
1804 2396 2063 2444 excidisse
2086 2404 2240 2459 puto,

297 2464 440 2509 etiam
471 2467 579 2508 nutu
607 2460 898 2520 heredi(ta)s
935 2462 1012 2509 ed.
1047 2459 1145 2523 By.
1184 2468 1366 2509 contra
1406 2461 1543 2525 quod
1564 2461 1661 2513 vid.
1689 2461 1892 2511 ‘Gaius’
1919 2479 1969 2525 p.
1994 2472 2062 2512 51.
2088 2463 2251 2513 etiam

295 2544 395 2577 non
428 2529 652 2576 instituto
687 2528 861 2578 herede
896 2529 977 2577 ed.
1015 2528 1111 2592 By.
1142 2537 1181 2577 5.
1291 2526 1334 2587 ⁸)
1374 2529 1507 2577 Puta
1539 2530 1783 2592 scriptum
1812 2530 2007 2590 fuisse:
2044 2523 2249 2580 t'iniltio

293 2597 486 2644 relietii.
521 2595 620 2659 By.
648 2597 727 2648 ed.
756 2598 925 2656 (etiam
950 2596 1025 2657 5):
1063 2597 1153 2644 nisi
1184 2601 1191 2647 Ι
1220 2603 1499 2644 testamento
1529 2597 1670 2644 facto.
1718 2596 1826 2645 Nec
1851 2600 1943 2656 ait,
1982 2613 2077 2663 quo
2103 2598 2247 2647 hanc

290 2665 502 2725 primam
540 2664 882 2726 differentiam
913 2671 1152 2726 spectare
1177 2665 1300 2712 velit
1333 2661 1499 2725 (infra
1536 2666 1662 2712 enim
1689 2663 1752 2712 ab
1789 2680 1847 2714 eo
1873 2667 2022 2714 citati
2041 2668 2143 2714 Ioci
2161 2669 2255 2716 ad

296 2737 413 2778 nutu
432 2730 657 2777 relictam
674 2730 898 2790 fdcssum
918 2731 1215 2792 pertinent),
1242 2738 1423 2791 utrum,
1450 2739 1766 2794 repugnante
1786 2733 2045 2782 verborum
2063 2748 2242 2790 sensu,

292 2798 364 2845 ad
392 2796 638 2858 fdcmissa
680 2805 799 2846 ante
833 2799 878 2847 b.
916 2799 1278 2848 institutionem
1324 2815 1389 2847 an
1424 2798 1486 2847 ab
1521 2800 1764 2849 intestato
1789 2802 1923 2848 data
1967 2796 2042 2865 (ut
2079 2801 2249 2850 Gaius

291 2867 421 2913 idem
455 2866 535 2913 lzic
574 2874 619 2915 et
648 2863 700 2928 S.
728 2876 818 2915 270.
856 2867 1053 2915 dimisse
1089 2867 1339 2928 θυραίαν).
1411 2863 1453 2928 ⁴)
1492 2865 1708 2916 Insolite
1741 2867 1984 2917 librarius
2018 2866 2249 2933 (qnippe

289 2935 458 2980 statim
495 2934 637 2982 initio
671 2949 829 2983 novae
854 2933 1122 2996 materiae)
1158 2934 1403 2997 reliquam
1436 2949 1612 2984 versus
1640 2941 1841 2997 partem
1874 2951 2079 2984 vacuam
2108 2939 2241 2986 reli-²

292 3001 412 3064 quit,
439 3004 681 3058 lammam,
708 3007 761 3049 ut
786 3004 989 3063 opinor,
1019 3001 1227 3061 codicis,
1253 3003 1386 3051 unde
1413 3002 1751 3062 describebat,
1776 3004 2085 3067 siynificans.
2127 3004 2244 3052 Hic

195 3063 199 3068 ⁴
291 3069 418 3116 enim
452 3071 724 3117 secundam
758 3069 1099 3132 differentiam
1135 3069 1409 3130 excidisse,
1448 3086 1592 3134 quam
1629 3070 1772 3133 Eptt.
1807 3082 1848 3128 2,
1886 3082 1926 3120 7.
1963 3069 2017 3134 S.
2055 3080 2094 3120 8.
2136 3072 2243 3122 hoc

289 3136 405 3199 ipso
430 3136 542 3184 loco
568 3136 733 3197 refert
755 3137 830 3185 liis
853 3137 1048 3185 verbis:
1087 3140 1103 3165 ‘
1111 3135 1159 3183 F
1157 3137 1563 3186 ideicommissum
1589 3140 1662 3188 ad
1683 3153 1807 3196 eum,
1835 3141 1918 3188 cui
1939 3140 2133 3203 aliquid
2154 3140 2241 3188 di-

291 3282 355 3320 ιε.
378 3282 422 3332 2,
449 3281 488 3319 7.
523 3271 671 3322 Paul.
698 3280 739 3326 4,
770 3278 827 3318 12Δ
868 3268 920 3332 S.
947 3282 988 3321 4.
1024 3281 1065 3326 4,
1093 3283 1158 3321 13.
1264 3265 1328 3338 §J
1353 3274 1469 3321 264.
1512 3272 1590 3334 Cf.
1615 3283 1658 3335 2,
1685 3284 1774 3323 261.
1801 3283 1891 3322 272.
1933 3274 2077 3337 Epit.
2113 3277 2145 3322 l.
2181 3291 2234 3327 c.

294 3339 414 3402 [ltp.
441 3350 481 3400 2,
515 3348 574 3390 ιο.
682 3335 732 3404 ξ.
760 3339 872 3387 265.
916 3337 1057 3401 Epit.
1085 3342 1117 3389 l.
1149 3356 1191 3389 c.
1235 3339 1355 3402 Uip.
1383 3350 1425 3402 2,
1453 3352 1517 3390 11.
1544 3340 1605 3390 L.
1630 3351 1670 3390 6.
1709 3342 1761 3393 C.
1791 3342 1838 3390 h.
1865 3342 1987 3404 t.‘(7,
2014 3340 2077 3404 4).
2103 3339 2160 3404 S.
2187 3353 2240 3391 2.

296 3406 337 3454 I.
366 3409 449 3455 cie.
547 3403 597 3472 ξ.
625 3408 747 3456 266.
791 3406 867 3466 Cf.
902 3405 1016 3468 Utp.
1041 3417 1080 3463 2,
1107 3418 1146 3455 s.
1176 3407 1320 3469 Epit.
1348 3409 1381 3458 ι.
1412 3424 1455 3461 c.
1561 3405 1615 3475 g.
1644 3410 1760 3462 267.
1802 3409 1878 3470 cf.
1915 3409 2027 3472 [ηρ.
2055 3419 2093 3465 2,
2122 3419 2241 3462 ιε.

291 3484 329 3523 1.
358 3483 422 3521 23.
497 3469 548 3539 ξ.
581 3475 696 3524 268.
736 3473 818 3533 Cf.
847 3473 989 3536 Epit.
1015 3480 1056 3535 2,
1083 3486 1123 3523 7.
1153 3472 1206 3536 S.
1233 3484 1276 3523 8.
1306 3475 1449 3536 infra
1474 3473 1527 3538 3,
1551 3487 1643 3525 284.
1724 3473 1774 3541 ξ.
1802 3479 1919 3526 269.
1960 3477 2039 3539 Cf.
2065 3487 2107 3534 2,
2134 3487 2236 3526 229.

294 3539 410 3662 (Πίρ.
439 3549 505 3666 ξε»,
534 3550 572 3589 8.
643 3537 694 3605 ξ.
720 3543 837 3596 270.
875 3539 953 3602 Cf.
976 3540 1118 3605 Epit.
1141 3545 1169 3593 I.
1192 3558 1232 3597 c,
1278 3541 1391 3605 L'lp.
1419 3553 1484 3604 25,
1509 3556 1550 3595 4.
1580 3543 1632 3607 S.
1657 3555 1720 3593 10.
1746 3545 1795 3593 J.
1824 3546 1887 3593 de
1902 3544 2028 3607 foss,
2051 3545 2238 3594 hored.

315 3615 356 3665 2,
386 3615 436 3653 23
465 3642 475 3653 .
