2546 3928
345 187 467 244 132
918 201 1034 235 GAH
1070 202 1269 238 msa-nn
1310 187 1407 236 111.
1446 188 1708 236 33-33⁸.

466 322 565 382 33.
615 326 812 381 Adhuc
857 334 1046 381 autem
1078 325 1211 381 alios
1254 329 1424 381 etiam
1457 324 1769 398 complures
1797 325 2002 397 qradus
2028 333 2285 394 praetor
2360 346 2367 347 ff

335 409 489 482 facit
528 414 585 466 in
631 410 906 466 bonorum
948 409 1420 481 'possessionibus
1461 401 1712 478 dandis,¹
1757 408 1886 464 dum
1929 409 1984 464 id
2029 412 2162 482 agit,
2208 425 2283 464 ne

341 497 467 568 quis
505 498 629 550 sine
672 509 1011 550 successore
1051 496 1353 551 moriatur.
1417 493 1483 549 de
1516 492 1711 566 quibus
1742 494 1797 547 in
1828 493 1912 548 his
1944 501 2282 549 commenta-

341 580 435 634 riis
466 579 740 635 ’consulto
771 596 885 635 non
918 581 1153 651 aqimuS,
1190 580 1326 651 quia
1359 571 1540 634 alias²
1582 578 1687 632 hoc
1714 578 1798 632 ius
1830 584 2005 634 totum
2035 579 2279 651 propriis

340 663 739 719 commentariis
773 664 1215 734 exlplicauimuS.
1303 657 1429 718 33².
1473 663 1662 734 Iqitur
1689 653 1838 717 hoc3
1881 661 2059 716 solum
2091 661 2284 718 admo·

340 748 526 803 nuisse
556 740 812 819 sufficit,⁴
854 763 982 803 cum
1012 750 1070 804 in
1098 750 1379 820 lleqitimis
1408 744 1819 802 hereditatibus
1851 749 1974 802 sola
2009 751 2280 820 coquatio

341 849 448 907 per
486 832 663 906 leqem
706 847 804 887 XII
839 830 1306 888 tabularumnon
1336 833 1646 904 proficeret
1676 833 1756 887 ad
1782 830 2145 902 hereditatem
2179 849 2280 886 ca-

337 918 626 989 piendam,
660 923 721 973 ut
751 931 824 972 ne
856 918 865 984 Ι
900 924 1078 971 mater
1107 918 1328 989 quidem
1359 920 1417 972 in
1450 915 1610 971 bonis
1637 915 1966 985 liberorum,
2000 923 2277 987 praeter·
2304 921 2429 992 [215]

344 1019 515 1075 quam
545 1004 597 1056 si
617 1016 732 1071 per
775 1003 783 1066 Ι
827 1001 884 1054 in
915 1016 1133 1056 manum
1164 1003 1590 1056 conuentionem
1619 1000 1742 1054 iura
1779 1003 2282 1073 consenquinitatis

343 1089 522 1149 nalcta
548 1084 776 1155 fuerat,
819 1099 897 1140 ex
926 1083 1048 1158 lege
1081 1084 1178 1140 illa
1211 1084 1381 1140 ullum
1412 1087 1503 1141 ius
1531 1078 1824 1155 haberet,⁵
1845 1087 2276 1151 ———!

1030 1186 1109 1223 νν.
1146 1168 1434 1226 16—22.

342 1260 471 1326 post
514 1268 630 1306 eam
672 1261 832 1308 uocat
884 1252 1157 1310 ’sororem
1199 1254 1466 1325 defuncti
1502 1255 1988 1327 consanquineam
2030 1260 2085 1309 et
2128 1257 2280 1320 ulxo-

481 1431 521 1498 ¹)
559 1434 652 1484 Ex
674 1435 806 1487 lust.
834 1436 1179 1497 ‘possessione
1206 1435 1401 1484 danda’
1439 1436 1556 1488 edd.
1629 1432 1670 1495 ²)
1711 1433 1955 1497 Supplevi
1975 1435 2047 1483 ad
2069 1440 2279 1483 senten-

346 1503 477 1560 tiam,
502 1503 745 1564 scriptum
761 1503 926 1563 fuisse
952 1509 1125 1552 ratus:
1160 1503 1374 1552 consulto
1402 1505 1412 1561 Ι
1443 1518 1534 1551 non
1562 1503 1701 1562 agim'
1727 1515 1795 1565 qi.
1823 1503 1960 1551 alias·
2063 1499 2106 1562 ³)
2143 1501 2280 1550 Item

342 1572 573 1634 supplevi
592 1568 908 1633 (explicauim'
935 1570 1079 1631 ig.h')
1096 1571 1386 1635 signumque
1407 1585 1563 1619 novae
1584 1563 1638 1634 3.
1655 1569 1776 1630 seci.
1837 1567 1880 1631 ⁴¹)
1904 1568 1994 1618 Ex
2011 1567 2279 1618 verborum

337 1639 587 1702 reliquiis,
608 1652 736 1700 quae
757 1641 808 1686 in
825 1638 1147 1702 sequentibus
1163 1638 1388 1687 versibus
1397 1640 1678 1700 perierunt,
1688 1638 1898 1699 primum
1921 1636 2016 1685 hoc
2035 1638 2277 1698 colligere

343 1705 464 1753 mihi
493 1706 685 1766 videor,
723 1704 897 1753 Gaium
933 1721 1031 1755 non
1066 1706 1211 1755 modo
1236 1711 1291 1752 ut
1323 1703 1436 1767 Ulp.
1461 1713 1527 1761 28,
1555 1714 1594 1757 7.
1622 1712 1681 1769 ,et
1707 1704 2039 1753 Iustinianum
2064 1698 2118 1768 3.
2146 1713 2189 1754 3.
2227 1703 2278 1756 Ι.

347 1774 409 1820 de
433 1771 545 1822 bon.
567 1785 708 1833 poss.
738 1769 795 1831 (3.
821 1772 868 1831 9)
905 1774 1151 1835 integram
1182 1773 1365 1820 seriem
1397 1771 1444 1820 b.
1476 1777 1853 1834 possessionum
1875 1774 2148 1820 summatim
2174 1786 2278 1821 non

342 1838 690 1900 proposuisse,
724 1839 821 1885 sed
853 1853 913 1887 ne
948 1853 1038 1886 eas
1070 1839 1284 1902 quidem,
1323 1853 1452 1902 quae
1481 1845 1602 1901 post
1636 1839 1680 1888 b.
1712 1855 1767 1902 p.
1800 1839 1932 1887 unde
1965 1841 2174 1902 cognati
2194 1853 2278 1887 se-

347 1910 581 1970 quuntur,
606 1918 1015 1954 commemorasse
1053 1902 1212 1970 (unde
1236 1907 1385 1954 etiam
1420 1909 1668 1956 ‘consulto
1695 1921 1793 1955 non
1817 1908 2028 1970 aqimus’
2061 1903 2279 1971 scripsi)

346 1980 395 2022 et
419 1979 678 2036 utrumque
701 1980 859 2033 recte,
886 1989 993 2021 cum
1016 1975 1179 2022 ceteri
1196 1976 1390 2038 gradus
1408 1976 1624 2023 nondum
1643 1976 1879 2039 exposito
1898 1976 2008 2023 iure
2032 1974 2279 2023 bonorum

345 2041 635 2092 libertorum
669 2041 916 2090 tironibus
939 2043 1203 2105 perspicui
1227 2043 1352 2104 fieri
1383 2042 1667 2105 nequirent.
1740 2042 1931 2091 Deinde
1967 2058 2085 2092 vero
2123 2043 2278 2091 etiam

340 2125 439 2171 pro
465 2116 605 2159 certo
623 2109 804 2176 habeo,
828 2124 936 2157 eum
954 2113 1189 2172 proxime
1214 2111 1278 2158 de
1304 2107 1438 2159 SGto
1472 2109 1781 2159 Tertulliano
1804 2112 2109 2172 disputasse,
2139 2110 2282 2173 quod

346 2180 421 2225 ius
441 2178 540 2225 nisi
555 2179 793 2239 exposito
814 2183 933 2226 ante
957 2178 1067 2226 iure
1092 2177 1137 2225 b.
1160 2179 1519 2239 possessionis,
1545 2178 1757 2239 intelliqi
1776 2193 1875 2227 non
1891 2183 2115 2241 poterat.
2154 2176 2278 2225 Cum

319 2245 472 2293 'enim
514 2243 754 2292 credibile
789 2258 888 2292 non
923 2250 1017 2305 est,
1062 2259 1171 2292 eum
1205 2246 1338 2292 tanti
1369 2246 1600 2294 momenti
1629 2243 1829 2306 SCtum,
1877 2247 1975 2294 iam
2008 2245 2280 2303 Hadriani

348 2309 652 2372 temporibus
682 2310 875 2371 factum
909 2312 1141 2375 quodque
1174 2314 1246 2359 ad
1268 2326 1357 2360 eos
1376 2314 1572 2374 gradus
1597 2312 1642 2364 b.
1665 2328 1743 2375 p.,
1780 2328 1904 2377 quos
1938 2319 2274 2376 exposuerat,

342 2378 559 2440 proprie
583 2376 864 2439 spectabat,
893 2380 1088 2427 omnino
1114 2378 1316 2427 silentio
1343 2380 1700 2441 transmisisse,
1735 2382 1952 2429 maxime
1977 2395 2083 2428 cum
2107 2378 2277 2429 verbis

346 2442 407 2508 §i
426 2455 513 2500 24..
542 2445 680 2494 ‘adeo
706 2445 897 2508 quidem
923 2452 970 2494 ut
996 2460 1082 2494 nec
1107 2447 1232 2495 inter
1255 2450 1474 2495 matrem’
1501 2454 1597 2499 etc.
1621 2450 1732 2501 coll.
1752 2464 1839 2511 pr.
1867 2447 1902 2495 I
1906 2486 1918 2499 .
1942 2448 2005 2496 de
2025 2445 2123 2496 So,
2151 2446 2277 2495 Ter-

345 2515 449 2567 tull.
489 2508 555 2577 (3,
579 2511 624 2575 3)
660 2513 847 2562 adhoc
872 2515 947 2562 ius
970 2514 1022 2562 in
1056 2513 1181 2562 XII
1210 2514 1554 2564 desideratum
1587 2514 1793 2577 diqitum
1827 2516 1976 2579 quasi
1995 2515 2276 2563 intendisse

345 2582 607 2636 videatur,·
640 2587 740 2629 tum
766 2597 895 2646 quae
928 2584 979 2629 in
1009 2581 1237 2631 versibus
1268 2581 1592 2646 sequentibus
1622 2589 1912 2646 supersunt,
1950 2584 2020 2631 ad
2041 2582 2136 2630 hoc
2160 2588 2275 2629 tan·

346 2653 446 2696 tum
471 2646 567 2700 SC.
592 2650 825 2697 videntur
848 2649 1043 2710 referri
1059 2664 1232 2711 posse.
1277 2650 1463 2699 Verum
1482 2650 1574 2699 hoc
1593 2655 1647 2697 ut
1671 2657 1945 2713 appareat,
1971 2650 2280 2698 restituendi

345 2730 530 2775 eorum,
570 2717 818 2779 quaedam
842 2733 873 2765 a
902 2715 1193 2766 Goesclzeno
1217 2722 1481 2773 mutuatus,
1512 2718 1789 2780 periculum
1811 2718 1934 2779 feci.
1969 2716 2279 2765 Edebantur

344 2781 507 2831 adhue
541 2797 645 2832 voc.
686 2784 862 2832 tabulis
898 2782 1024 2846 (pro
1050 2783 1277 2846 tabular)
1311 2810 1379 2818 —
1411 2785 1741 2833 hereditatem
1776 2810 1841 2818 --
1867 2787 1917 2835 in
1941 2811 2007 2819 —
2033 2784 2275 2833 Notatum

338 2850 504 2912 fuisse
528 2866 665 2913 pono
692 2851 784 2899 c'in
805 2877 871 2886 —
892 2851 1167 2901 h'ditalihus
1186 2877 1253 2887 —
1270 2852 1471 2901 tabular.
1498 2876 1561 2886 -—-
1588 2854 1817 2916 npficeret
1840 2878 1907 2887 —
1932 2852 1993 2917 qd
2013 2849 2273 2916 (quidem).

344 2916 385 2980 ⁵)
427 2919 515 2967 Ad
534 2934 731 2968 sensum
754 2920 806 2966 in
829 2935 872 2968 v.
896 2928 1080 2967 16-22.
1104 2926 1230 2982 puta
1252 2926 1474 2968 secutum
1508 2933 1646 2968 esse:
1681 2919 1797 2969 ‘hoc
1821 2927 2057 2984 quantum
2081 2920 2153 2968 ad
2172 2934 2276 2967 ma-

346 2991 471 3032 trem
496 2987 758 3049 ingenuam
783 2988 946 3047 trium,
973 2986 1255 3036 libertinam
1281 2992 1523 3050 quattuor
1546 2986 1816 3036 liberorum
1839 2989 1950 3037 iure
1973 2988 2275 3037 honoratam

343 3057 526 3114 postea
568 3050 702 3100 Scio
744 3051 1054 3103 Tertulliano
1088 3060 1369 3103 correctum
1412 3068 1538 3104 esse.
1592 3054 1686 3103 hoc
1721 3055 1848 3104 enim
1891 3056 2043 3104 matri
2084 3060 2276 3103 tantum

344 3118 585 3181 praefert
614 3133 752 3167 suum
785 3119 1035 3177 heredem,
1072 3135 1254 3178 eumue,
1293 3126 1381 3185 qui
1408 3123 1543 3171 inter
1577 3137 1697 3186 suos
1727 3121 1943 3171 heredes
1968 3138 2000 3171 a
2024 3127 2276 3185 praetore

345 3187 416 3234 ad
446 3185 493 3234 b.
529 3189 898 3248 possessionem
930 3193 1159 3248 uocatur,
1191 3188 1309 3236 item
1340 3196 1540 3251 patrem
1573 3204 1780 3238 auumue
1806 3188 2034 3250 defuncti
2055 3188 2274 3238 emanci-

343 3249 645 3316 pat01R(em)
670 3253 803 3315 a(ut)
828 3252 877 3303 si
900 3251 1282 3319 em(an)cipatus
1307 3251 1450 3320 n(on)
1472 3256 1654 3319 fuerit,
1678 3258 1900 3319 fratrem
1925 3257 2277 3321 c(on)sanqui-
2344 3295 2353 3306 .

344 3337 502 3373 neum.
534 3325 540 3380 Ι
568 3328 675 3385 post
702 3336 802 3370 eam
828 3326 986 3371 uocat’
1015 3328 1112 3374 etc.

480 3470 529 3537 §.
558 3476 639 3527 33.
667 3493 733 3514 ==
760 3468 812 3539 3.
838 3484 878 3523 2.
903 3474 952 3524 Ι.
978 3477 1061 3528 cit.
1170 3472 1219 3542 ξ.
1245 3477 1348 3527 33².
1390 3475 1467 3537 Cf.
1496 3475 1548 3540 S.
1575 3488 1642 3530 24.
1681 3477 1796 3542 Uip.
1823 3489 1892 3544 26,
1919 3490 1961 3531 8.
2006 3476 2104 3526 Tit.
2132 3474 2183 3524 J.
2210 3477 2279 3526 de

347 3536 444 3587 SC.
493 3539 695 3592 Tertult.
725 3539 784 3602 (3,
809 3539 873 3603 3).
910 3543 973 3596 L.
999 3553 1039 3591 9.
1067 3538 1181 3609 3.1.
1224 3545 1286 3594 D.
1315 3545 1380 3593 de
1404 3544 1510 3597 reb.
1537 3545 1650 3595 dub.
1682 3545 1768 3609 (34,
1793 3544 1859 3611 5).
