2546 3928
830 248 942 284 GAn
977 249 1173 284 msn‘r.
1213 236 1310 286 IV.
1347 238 1568 287 80—81.
2037 236 2158 294 209

219 390 354 430 eum
397 375 665 447 mancipio
709 372 823 428 dari
868 372 1091 442 debere,
1139 376 1261 447 quia
1303 375 1428 447 lege
1458 390 1551 430 111
1596 373 1899 429 tabularum
1942 386 2159 432 cautum

221 459 333 529 sit,
377 456 490 528 ⁹(ne
527 460 684 529 filius
734 459 802 513 de
841 464 1130 529 potestate
1168 462 1362 530 patris
1403 452 1629 532 aliter)¹
1682 467 1867 530 exeat,
1915 475 2073 533 quam
2118 463 2162 515 si

225 550 316 598 ter
355 541 527 598 fuerit
570 544 937 615 mancipatus:
984 541 1215 599 Sabinus
1260 550 1318 598 et
1363 541 1579 598 Cassius
1622 545 1898 616 ceterique
1943 552 2162 599 nostrae

224 626 448 683 scholae
478 634 730 682 auctores
762 625 1012 681 sufficere
1045 642 1203 681 uuam
1236 626 1685 700 mancipationem
1718 622 2001 701 (putant);
2051 645 2164 684 cre·

226 710 485 766 diderunt
516 712 685 781 euim,
730 719 844 766 tres
875 711 997 784 lege
1027 728 1121 767 ΧΠ
1154 709 1460 766 tabularum
1493 710 1563 774 ad,
1603 711 1935 768 uoluntarias
1966 715 2164 770 manci-

224 796 478 868 pationes
510 781 802 867 pertinere.

356 873 457 934 80.
508 878 650 933 Haec
691 880 769 934 ita
809 878 876 934 de
920 879 1003 934 his
1045 880 1317 951 personiS,
1362 896 1499 953 quae
1540 881 1593 934 in
1638 888 1912 952 potestate
1961 875 2164 958 (sunt),

226 965 348 1018 siue
381 979 444 1018 ex
490 970 777 1019 contractu
807 965 924 1019 siue
953 980 1018 1019 ex
1061 962 1327 1021 maleficio
1359 980 1549 1024 earum
1575 966 1968 1021 controuersia
2000 964 2120 1021 ’sitt
2142 961 2166 997 ²

224 1046 380 1120 quod
423 1063 555 1102 uero
598 1047 663 1102 ad
704 1063 798 1105 eas
827 1065 1120 1122 personaS,
1161 1050 1385 1122 quaein
1428 1064 1589 1103 manu
1632 1050 1973 1123 mancipioue
2015 1060 2163 1119 sunt,

227 1133 316 1187 ita
357 1133 442 1187 ius
483 1133 709 1202 dicitur,
767 1141 828 1188 ut
869 1149 992 1189 cum
1035 1149 1101 1189 ex
1129 1140 1448 1189 'contractu
1495 1149 1676 1188 earum
1722 1128 2007 1207 ’agatur-,3
2060 1135 2163 1190 nisi

224 1215 296 1271 ab
329 1231 416 1288 eo,
449 1217 602 1271 ouius
636 1218 737 1271 iuri
770 1215 1046 1272 subiectae
1076 1217 1206 1287 sint,
1237 1221 1293 1272 in
1324 1217 1563 1272 solidum
1586 1216 1966 1288 defendantur,
2001 1217 2163 1288 bona,

230 1316 370 1372 quae
402 1315 583 1355 earum
623 1300 824 1371 futura
858 1301 1067 1371 forent,
1114 1301 1159 1354 si
1191 1301 1316 1355 eius
1360 1301 1466 1355 iuri
1493 1299 1768 1356 subiectae
1808 1317 1919 1374 nou
1961 1309 2163 1369 essent,

228 1392 501 1439 ueneaut:
544 1383 639 1438 sed
683 1400 807 1440 cum
845 1384 1082 1439 rescissa
1115 1388 1323 1455 capitis
1352 1385 1732 1439 deminutione
1776 1384 2005 1457 imperio
2038 1401 2167 1440 con—

230 1467 429 1523 tinenti
475 1459 690 1542 iudiclio
731 1467 972 1540 ’aqitur,
1031 1471 1202 1522 etiam
1246 1485 1375 1523 cum
1427 1471 1558 1537 ipsa
1600 1469 1872 1539 muliere,
1914 1484 2066 1540 quae
2106 1473 2164 1525 in
2185 1462 2302 1513 219,

227 1569 410 1607 manu
442 1558 547 1621 est,
574 1555 669 1623 aqi
694 1557 898 1623 potest,
925 1555 1060 1623 quia
1095 1558 1209 1608 tum
1240 1554 1447 1607 tutoris
1478 1555 1799 1607 auctoritas
1828 1555 2163 1609 necessaria
2193 1535 2224 1575 ¹·
2253 1545 2293 1578 s.

88 1629 206 1698 [²93]
231 1652 351 1690 non
394 1628 526 1689 est.⁴
603 1666 645 1672 -·
941 1667 1371 1674 ———--—————-
1752 1667 1786 1671 —
1818 1654 1902 1691 vv.
1934 1635 2162 1693 3—-23,

230 1749 422 1756 ——ffl
887 1751 920 1754 ἢ
982 1712 991 1796 Ι
1042 1749 1579 1758 —————
1663 1716 1756 1775 81.
1807 1760 1820 1773 .
1860 1762 1922 1776 ..
1969 1719 2166 1777 'licere

230 1802 377 1857 enim
429 1805 628 1873 etiam,
682 1806 733 1857 si
764 1803 888 1873 fato
929 1805 979 1860 is
1019 1804 1201 1876 fuerit
1251 1796 1261 1882 Ι
1313 1811 1598 1873 mortuuS,
1653 1812 1937 1861 mortuum
1988 1798 2302 1913 dar-&322-

372 1999 412 2064 ¹)
450 2003 603 2051 aliter
638 1998 764 2067 (alit)
799 2003 850 2051 in
879 2005 1030 2066 finem
1064 2006 1248 2064 reieci,
1283 2012 1340 2053 ut
1364 2009 1679 2067 appareret,
1715 2020 1814 2067 qua
1839 2004 1904 2053 de
1929 2017 2084 2052 causa
2109 2004 2167 2050 Ii-

228 2068 439 2118 brarius
478 2069 607 2119 haec
646 2071 886 2122 omiserit.
1006 2069 1050 2134 ²)
1090 2074 1169 2120 ἓέῑ
1203 2070 1321 2119 Scle-
1371 2078 1495 2119 esset
1527 2071 1646 2119 edd.
1773 2067 1815 2132 ⁸)
1853 2078 2068 2130 ageretur
2113 2069 2165 2118 Ο.

230 2136 350 2186 edd.
455 2134 499 2199 ⁴)
538 2136 850 2187 Sententiam
876 2140 950 2185 ita
973 2138 1178 2201 perfeci
1200 2142 1216 2167 ‘
1235 2138 1392 2186 Gaius
1408 2141 1424 2165 ’
1448 2152 1501 2200 p.
1528 2145 1619 2189 175.
1648 2163 1713 2172 —
1739 2137 1889 2187 Haec
1909 2138 2082 2186 statim
2106 2152 2167 2186 ea

231 2206 504 2267 excepisse
527 2211 668 2267 puto,
694 2220 823 2269 quae
848 2204 997 2254 habet
1016 2221 1105 2269 pr.
1129 2205 1179 2258 1.
1204 2206 1251 2254 si
1275 2205 1458 2270 quadr.
1478 2220 1639 2268 paup.
1668 2201 1730 2269 (4,
1756 2204 1826 2268 8),
1859 2206 1958 2254 sed
1979 2211 2167 2253 tantum

231 2272 447 2322 haecce.-
496 2275 513 2301 θ
531 2272 834 2321 Animalium
868 2274 1091 2336 nomine,
1119 2288 1248 2338 quae
1272 2273 1477 2321 ratione
1508 2278 1712 2329 carent,
1745 2274 1795 2321 si
1826 2288 1926 2337 qua
1960 2273 2168 2323 lascivia

231 2346 323 2388 aut
341 2339 555 2401 feruore
582 2337 697 2403 (alii
709 2355 727 2388 .·
754 2343 981 2403 ‘pauore
997 2340 1038 2403 ’)
1066 2347 1156 2390 aut
1174 2341 1389 2401 feritate
1408 2343 1709 2404 pauperiem
1728 2340 1971 2403 fecerint,
1998 2355 2163 2391 noxa·

231 2408 294 2456 lis
320 2409 453 2456 actio
478 2410 587 2471 leqe
609 2421 685 2457 111
707 2407 987 2457 tabularum
1013 2408 1226 2471 prodita
1251 2414 1359 2458 est:
1395 2422 1524 2472 quae
1549 2410 1786 2457 animalia
1809 2409 1857 2456 si
1877 2423 2049 2458 nooeae
2076 2410 2164 2458 de-

232 2476 437 2531 dantur,
473 2477 745 2538 proficiunt
777 2490 868 2525 reo
894 2477 966 2525 ad
994 2475 1358 2534 liberationem,
1394 2477 1513 2540 quia
1537 2476 1611 2523 ita
1635 2476 1723 2524 lex
1747 2488 1824 2524 ιιι
1845 2475 1945 2524 tab.
1968 2477 2166 2537 scripta

232 2545 356 2593 est.'
405 2542 522 2591 Non
556 2544 705 2592 etiam
738 2548 937 2603 cetera,
974 2559 1105 2607 quae
1136 2543 1207 2592 ibi
1244 2549 1548 2607 sequuntur,
1585 2557 1714 2605 quae
1747 2543 1950 2591 aliunde
1991 2547 2167 2591 assuta

233 2624 346 2659 esse
370 2616 585 2659 constat.
640 2609 795 2659 Gaius
819 2615 1000 2660 contra
1027 2616 1151 2675 post
1174 2611 1301 2660 llaec
1327 2611 1525 2660 dimisse
1549 2610 1774 2670 videtur,
1810 2610 1937 2659 illud
1959 2610 2165 2659 omnium

232 2678 491 2727 namatium
525 2679 775 2727 actionum
808 2692 1059 2728 commune
1094 2692 1223 2741 esse,
1264 2679 1403 2742 quod
1431 2679 1479 2726 si
1507 2692 1683 2728 servus
1716 2679 1795 2726 vel
1825 2678 2011 2727 animat
2047 2685 2163 2728 ante

230 2746 338 2794 litis
370 2745 784 2796 contestationem
816 2750 1058 2795 mortuum
1093 2747 1177 2806 sit,
1210 2745 1415 2796 noxalis
1449 2746 1582 2795 actio
1617 2746 1975 2809 exstinquatur
2008 2742 2096 2810 (L.
2126 2758 2171 2795 1..

233 2806 288 2876 S.
318 2822 380 2860 13.
415 2813 478 2865 D.
503 2813 550 2860 si
572 2813 752 2876 quadr.
777 2824 816 2870 9,
842 2825 882 2862 1.
918 2812 986 2864 L.
1012 2823 1079 2862 39.
1118 2809 1239 2876 3.·1.
1281 2812 1345 2861 L.
1370 2820 1437 2861 26.
1475 2809 1528 2875 8.
1553 2824 1594 2861 4.
1637 2813 1703 2862 D.
1737 2814 1800 2862 de
1836 2816 2011 2864 noxal.
2035 2822 2074 2868 9,
2100 2809 2167 2876 4).

233 2879 398 2928 Aliud
416 2881 545 2928 iuris
569 2895 696 2936 esse,
721 2882 769 2928 si
795 2886 917 2943 post
940 2881 1045 2930 litis
1076 2885 1494 2931 contestationem
1527 2881 1777 2930 moriatur
1801 2880 1890 2942 (L.
1920 2889 1983 2927 16.
2010 2878 2076 2926 D.
2105 2880 2168 2927 de

233 2949 413 2996 noxal.
457 2947 518 2996 L.
553 2957 622 2996 37.
657 2946 713 3010 S.
747 2959 785 3000 1.
822 2947 888 2996 D.
917 2949 990 2997 ad
1018 2950 1113 3012 leq.
1141 2949 1316 3012 Aquil.
1355 2959 1398 3010 9,
1434 2946 1506 3007 2),
1543 2962 1638 3012 quo
1673 2962 1795 2995 casu
1830 2962 1892 2995 ne
1926 2950 2167 3001 mortuum

235 3015 432 3078 quidem
457 3014 696 3064 hominem
722 3030 893 3065 noxae
925 3016 1054 3066 dare
1078 3031 1169 3066 reo
1201 3016 1381 3067 licere.
1430 3015 1592 3065 Plane
1617 3017 1666 3064 si
1688 3016 1733 3064 is
1755 3014 1818 3063 ab
1845 3014 1946 3063 alio
1971 3014 2166 3064 occisus

232 3082 318 3139 sit,
347 3098 443 3146 quo
470 3084 663 3132 nomine
690 3084 739 3131 ei
760 3083 883 3147 legis
910 3084 1150 3148 Aquiliae
1185 3085 1320 3134 actio
1346 3085 1431 3146 sit,
1469 3098 1678 3148 aequum
1702 3083 1853 3132 visum
1879 3096 1989 3132 esse
2015 3077 2167 3145 (haec

173 3192 177 3197 .
233 3151 286 3197 in
311 3166 355 3198 v.
384 3159 447 3204 12.
475 3149 811 3213 comparent),
837 3156 885 3199 ut
907 3152 1067 3208 iudex,
1094 3153 1134 3200 si
1160 3166 1280 3201 reus
1313 3167 1422 3200 eam
1447 3153 1647 3202 actione
1676 3142 1854 3218 {astare
1887 3151 2054 3200 actori
2076 3166 2168 3213 pa-

234 3222 381 3265 ratus
403 3219 486 3274 sit,
512 3232 620 3266 eum
645 3217 872 3268 absolvat
896 3216 979 3281 (L.
1009 3229 1049 3271 1.
1088 3216 1142 3282 S.
1173 3228 1235 3268 16.
1271 3219 1335 3270 D.
1363 3220 1411 3268 si
1434 3218 1658 3283 quadr.).
1708 3219 1922 3283 Reliqua
1943 3219 2165 3280 paqinae

232 3299 363 3347 pars
391 3285 621 3347 fortasse
654 3286 1055 3337 controversiam
1086 3287 1356 3349 spectabat
1389 3287 1531 3338 nobis
1564 3288 1891 3351 incoqnitam,
1929 3298 1994 3330 an
2020 3283 2167 3330 etiam

233 3353 282 3400 si
321 3352 588 3401 damnatus
630 3354 755 3417 leqis
791 3354 1030 3419 Aquiliae
1072 3356 1320 3404 actionem
1355 3357 1527 3405 actori
1565 3355 1796 3410 cederet,
1841 3349 2165 3403 liberaretur,

235 3420 375 3484 quod
404 3422 453 3469 si
475 3422 562 3484 qui
585 3427 760 3485 erant,
798 3423 888 3486 qui
907 3422 1289 3486 existimarent,
1324 3428 1617 3487 argumento
1641 3421 1750 3467 sine
1784 3414 1933 3465 dubio
1958 3413 2171 3463 uteban-

371 3602 423 3671 ξ.
450 3607 533 3655 80.
579 3606 658 3666 Cf.
682 3618 721 3669 3,
747 3616 815 3656 84.
850 3618 891 3669 4,
920 3617 985 3656 38.
1024 3618 1062 3665 1,
1091 3616 1179 3660 184.
1208 3617 1296 3656 192.
1341 3606 1456 3667 Ulp.
1484 3614 1548 3664 ιι,
1576 3612 1640 3651 27.

335 3695 498 3737 Gnvs.
1696 3683 1760 3732 14
