2546 3928
865 168 980 202 Gan
1021 168 1212 202 msrrr.
1253 154 1295 201 Ι.
1337 153 1664 204 19512—197.
2150 154 2226 209 67

291 310 404 366 quo
436 295 757 348 manumissa
789 300 892 361 est,
926 294 1016 364 qui
1050 290 1358 347 fiduciarius
1389 292 1601 347 dicitur.
1693 287 1852 348 19512.
1901 294 2031 350 Item
2062 296 2105 348 si
2139 311 2230 368 pa-

291 390 494 433 tronus
534 378 654 431 siue
694 378 852 447 filius
894 378 1016 431 eius
1057 379 1111 430 in
1154 376 1497 449 adoptionem
1546 392 1603 431 se
1647 376 1814 445 dedit,
1859 378 2018 434 debet
2066 378 2165 435 sibi
2202 395 2231 434 e

285 465 416 532 Zeye
446 463 619 516 Atilia
652 463 745 522 uel
781 456 924 515 Titia
968 464 1207 515 tutorem
1252 468 1453 532 petere.
1545 455 1697 516 1950.
1748 460 2006 516 Similiter
2038 480 2098 517 ex
2133 465 2229 518 iis-

290 546 413 600 dem
447 544 658 618 legibus
689 554 878 617 petere
911 544 1073 599 debet
1105 553 1341 599 tutorem
1372 546 1595 615 liberta,
1644 547 1689 599 si
1721 553 1983 618 patronus
2027 546 2225 603 ’deces-

289 623 398 684 sit'
459 645 556 684 nec
597 629 766 685 ullum
821 628 991 684 uirilis
1047 644 1208 684 sexus
1252 627 1548 684 liberorum
1591 630 1645 683 in
1692 629 1885 685 familia
1942 625 2232 704 ’reliquit.2

288 709 421 769 196.
471 702 959 785 Masculiſjuando
983 714 1218 786 puberes
1239 716 1359 768 esse
1383 714 1679 786 coeperint,
1717 714 1885 769 tutela
1904 714 2229 770 liberantur:

286 800 565 869 puberem
606 805 795 854 autem
829 797 1081 853 Sabinus
1123 797 1359 869 quidem,
1403 795 1652 852 ’Cassius
1695 805 1749 853 et
1791 791 2007 854 ceteri3
2050 804 2235 855 nostri

286 891 708 953 praeceptores
763 898 886 937 eum
941 897 1059 936 esse
1101 889 1316 954 putant,
1371 883 1463 954 qui
1513 879 1693 936 habitu
1735 885 1980 955 corporis
2037 883 2231 956 puber·

294 976 458 1022 tatem
502 966 755 1035 ostendit,
801 967 908 1023 boc
951 975 1036 1021 est
1079 968 1169 1038 qui
1211 981 1474 1039 generare
1516 975 1725 1038 potest;
1772 966 1867 1021 sed
1909 969 1962 1021 in
1996 968 2097 1040 his,
2143 970 2234 1040 qui

293 1049 588 1123 pubescere
633 1067 742 1106 non
785 1058 1040 1122 possunt,
1094 1050 1279 1122 quales
1321 1058 1449 1104 sunt
1491 1049 1782 1122 spadoneS,
1840 1067 1954 1107 eam
2002 1061 2232 1107 aetatem

289 1151 415 1190 esse
458 1135 821 1206 spectandam,
871 1137 1025 1191 cuius
1072 1136 1262 1189 aetatis
1317 1134 1551 1206 puberes
1606 1132 1770 1197 fiuut;
1836 1135 1929 1190 sed
1983 1136 2232 1191 diuersae

289 1218 512 1274 scholae
564 1227 814 1274 auctores
869 1221 1020 1273 annis
1079 1226 1268 1290 putant
1324 1217 1662 1290 pubertatem
1720 1220 2123 1291 aestimandam,
2178 1219 2230 1274 id

289 1312 394 1373 est,
437 1319 556 1358 eum
597 1303 855 1375 puberem
898 1319 1018 1357 esse
1053 1304 1644 1374 existimcmdum.·qui
1682 1301 1690 1375 Ι
1731 1319 1884 1359 Χιη]
1909 1321 2094 1361 annos
2127 1321 2230 1360 ex-
2251 1320 2333 1368 53.

282 1382 527 1457 pteuit.4
555 1405 590 1442 *
620 1417 696 1425 —
729 1417 810 1426 -
842 1417 923 1424 —
955 1416 1039 1425 —-
1069 1416 1153 1431 —.-
1183 1398 1265 1426 -‘—
1298 1416 1378 1424 -
1420 1393 2283 1433 ——m———n-ff-t·
2313 1402 2353 1434 s.

290 1489 377 1524 vv.
425 1469 675 1524 2—24.
720 1502 751 1507 ν
848 1501 1027 1506 2——21
1112 1502 1119 1503 e
1176 1501 1207 1504 -e
1279 1500 1428 1506 -—
1548 1465 1674 1523 197.
1737 1464 1884 1523 ⁵....
1940 1467 1948 1544 Ι
2001 1480 2329 1542 3θῑεηθω54,

120 1575 262 1633 [147]
294 1557 632 1626 peruenerit,
674 1554 729 1606 in
776 1570 879 1625 qua
909 1569 997 1607 res
1028 1552 1154 1608 suas
1185 1554 1329 1607 tueri
1371 1553 1587 1624 'possit,
1631 1545 1856 1618 etilam6
1911 1563 2040 1626 aput
2081 1562 2287 1626 pere-t.
2312 1570 2350 1604 s-

435 1732 474 1796 ¹)
513 1733 700 1781 decedit
726 1733 782 1782 C.
808 1735 928 1789 edd.
956 1733 1056 1782 Ille
1082 1739 1229 1782 etiam
1253 1744 1294 1794 2,
1321 1743 1388 1782 35.
1420 1734 1600 1782 cederit
1619 1749 1722 1796 pro
1749 1737 1962 1787 cesserit.
2035 1734 2077 1800 ²)
2103 1740 2230 1786 reci-

288 1806 360 1866 pit
386 1799 568 1849 Sched.
593 1801 815 1864 relinquit
841 1803 954 1853 edd.
1027 1799 1068 1864 3)
1107 1799 1196 1850 Ea:
1224 1801 1428 1850 Lackm.
1467 1801 1548 1849 ed.
1591 1805 1605 1830 ‘
1623 1809 1672 1850 et
1697 1800 1905 1853 Cassius
1938 1807 2225 1869 ceterique'

287 1871 371 1919 ed.
402 1867 499 1930 By.
568 1865 611 1926 ⁴)
649 1867 715 1916 In
737 1885 790 1931 p.
813 1878 878 1920 53.
924 1869 1081 1918 Gaius
1096 1869 1308 1931 primum
1328 1870 1392 1918 de
1404 1868 1675 1933 pubertate
1695 1869 1901 1920 Neratii
1918 1872 2096 1921 Prisci
2116 1889 2229 1921 sen-

290 1938 498 1987 tentiam
522 1933 666 1999 (Uip.
693 1948 758 1996 11,
782 1935 854 2000 28)
882 1937 1161 1999 addidisse,
1196 1937 1380 1987 deinde
1406 1938 1477 1986 ad
1498 1952 1589 1986 eas
1613 1952 1882 2001 personas,
1911 1955 2040 2003 quae
2065 1941 2116 1988 in
2143 1955 2229 1989 cu—

286 2006 491 2054 ratione
515 2010 631 2052 sunt
658 2001 748 2066 (cf.
776 2017 813 2066 1,
842 2016 932 2055 142.
960 2003 1072 2067 143),
1097 2006 1365 2053 transiisse
1392 2006 1605 2061 videtur,
1634 2006 1697 2052 de
1729 2005 1907 2069 quibus
1930 2007 2055 2054 haec
2080 2007 2230 2054 babet

296 2073 437 2137 Epit.
465 2084 505 2132 1,
529 2082 597 2120 8.:
627 2072 886 2121 ‘Peractis
903 2072 1242 2135 pupillaribus
1266 2073 1434 2134 annis,
1463 2071 1637 2136 quibus
1660 2078 1857 2121 tutores
1882 2073 2227 2134 absoluantur,

290 2144 361 2190 ad
394 2146 662 2189 curatores
697 2142 832 2188 ratio
876 2142 1115 2189 minorum
1147 2140 1329 2202 incipit
1354 2139 1643 2202 pertinere.
1702 2136 1804 2187 Sub
1840 2147 2080 2189 curatore
2113 2148 2228 2189 sunt

288 2212 509 2258 minores
543 2212 729 2264 aetate,
768 2209 986 2256 maiores
1019 2222 1303 2265 euersores,
1338 2205 1522 2255 insani.
1591 2205 1681 2266 Hi,
1722 2209 1810 2270 qui
1841 2209 2060 2257 minores
2092 2215 2225 2271 sunt,

289 2291 445 2340 usque
483 2275 555 2323 ad
585 2276 765 2337 uiginti
797 2282 847 2323 et
881 2276 1095 2340 quinque
1122 2290 1283 2324 annos
1315 2276 1547 2338 impletos
1570 2273 1659 2322 sub
1684 2282 1924 2325 curatore
1948 2283 2081 2328 sunt.
2134 2274 2228 2336 Qui

287 2359 414 2392 uero
448 2357 716 2393 euersores
749 2350 840 2391 aut
864 2344 1031 2391 insani
1060 2350 1191 2403 sunt,
1227 2344 1360 2392 omni
1382 2348 1608 2405 tempore
1643 2344 1779 2391 uitae
1812 2359 1934 2392 suae
1957 2343 2047 2393 sub
2072 2360 2223 2393 cura-

289 2419 403 2460 tore
438 2424 546 2459 esse
579 2409 829 2471 iubentur,
877 2412 961 2474 qui
993 2410 1324 2459 substantiam
1355 2426 1495 2458 suam
1529 2409 1907 2457 rationabiliter
1937 2410 2226 2471 ,qubernare

290 2494 390 2528 non
420 2482 674 2541 possunt.’
748 2475 788 2536 ⁵)
830 2477 983 2526 Gaius
1013 2479 1226 2540 primum
1260 2484 1313 2525 ut
1350 2476 1465 2539 Uip.
1501 2488 1564 2533 12,
1605 2486 1755 2523 1-4,
1795 2478 1859 2523 de
1888 2477 2225 2538 curatoribus,

289 2548 376 2609 qui
399 2560 468 2593 ea·
491 2548 601 2608 leye
626 2547 725 2587 XII
750 2545 852 2593 tab.
878 2548 956 2593 vel
979 2544 1042 2592 ab
1067 2546 1182 2607 ipso
1200 2551 1451 2607 praetore
1475 2547 1553 2592 vel
1578 2557 1648 2591 ex
1670 2542 2073 2603 leyePlaetoria
2100 2545 2226 2593 dan-

288 2621 389 2672 tur,
426 2613 712 2675 disputasse
749 2618 798 2660 et
833 2612 1017 2660 deinde
1050 2626 1140 2660 suo
1175 2626 1313 2659 more
1348 2610 1609 2659 addidisse
1643 2609 1858 2671 videtur,
1893 2611 2017 2675 quid
2047 2616 2098 2661 in
2132 2611 2226 2663 boc

287 2685 400 2729 iure
425 2682 650 2728 naturali
668 2682 870 2729 ratione
897 2682 1214 2728 constitutum
1239 2676 1393 2740 (velut
1406 2677 1639 2739 furiosos
1658 2685 1898 2728 curatore
1923 2680 2076 2744 regi),
2105 2682 2228 2745 quid

287 2750 417 2796 iuris
442 2748 598 2796 civilis
622 2748 704 2795 sit.
759 2746 945 2796 Civium
970 2746 1108 2795 Rom.
1135 2747 1403 2810 proprium
1428 2761 1553 2804 esse,
1582 2746 1718 2810 quod
1739 2749 1828 2796 lea:
1852 2747 2118 2798 Plaetoria
2143 2765 2225 2797 cu-

286 2821 494 2864 ratores
529 2814 821 2879 quibusdam
854 2830 924 2863 ex
957 2813 1430 2863 causis-minoribus
1463 2816 1601 2858 XXV
1618 2829 1736 2862 ann.
1775 2816 1896 2863 dari
1918 2817 2078 2875 iussit,
2112 2818 2224 2865 dum

288 2892 454 2933 tamen
479 2885 576 2931 iam
598 2882 816 2946 puberes
839 2885 942 2931 sint
965 2878 1199 2945 [possunt
1223 2884 1349 2931 enim
1373 2883 1424 2930 in
1452 2881 1744 2946 quibusdam
1766 2883 1935 2930 causis
1959 2884 2107 2931 etiam
2131 2900 2224 2948 pu·
2304 2914 2315 2924 .

280 2952 426 3015 pillis
451 2946 609 3013 darIJ.
659 2951 814 2998 ‘illud
837 2951 965 2998 enim
988 2951 1079 3008 ius,
1117 2965 1188 2999 ex
1213 2964 1309 3014 quo
1335 2948 1557 3013 impubes
1582 2950 1747 2997 alieno
1774 2948 1990 2999 arbitrio
2012 2952 2224 3015 regitur,

287 3022 450 3068 donec
487 3018 558 3067 ad
599 3032 700 3066 eam
739 3025 937 3065 aetatem
972 3019 1243 3080 peruenerit
1257 3021 1272 3046 ³
1319 3024 1412 3068 etc.
1520 3012 1561 3079 6)
1613 3014 1832 3079 Scripsi,
1869 3020 2006 3082 quod
2037 3013 2220 3070 Sebed.

288 3088 468 3135 ductus
493 3101 652 3149 aeque
685 3085 842 3147 facile
868 3086 1148 3141 admittunt,
1184 3084 1462 3146 sententia,
1501 3100 1645 3148 quam
1669 3085 1816 3134 modo
1843 3084 1966 3150 (not.
1992 3086 2038 3150 5)
2064 3089 2222 3153 siqni-

282 3156 453 3216 ficavi,
480 3155 692 3217 exiqere
715 3153 932 3201 videtur.
972 3154 1138 3215 possit.
1175 3153 1321 3207 idlem
1349 3153 1474 3200 edd.'

425 3304 475 3371 ξ.
506 3304 649 3355 195b.
685 3303 764 3365 Cf.
793 3302 846 3367 S.
871 3316 912 3353 4.
953 3304 1000 3351 I.
1030 3303 1164 3367 quib.
1185 3304 1315 3353 mod.
1345 3309 1433 3351 tut.
1454 3305 1545 3363 fin.
1579 3304 1636 3363 (1,
1663 3303 1757 3364 22).
1812 3302 1926 3365 Ulp.
1955 3316 2015 3359 11,
2042 3315 2083 3355 9.

287 3372 339 3440 ξ.
374 3376 509 3424 1950.
554 3373 630 3434 Cf.
660 3374 770 3423 Liv.
799 3383 862 3432 39,
893 3383 930 3420 9.
954 3387 1115 3434 supra
1141 3365 1193 3435 5.
1221 3380 1311 3419 179.
1418 3366 1467 3434 ξ.
1507 3371 1617 3419 196.
1669 3369 1747 3426 Cf.
1776 3364 1870 3434 §S-
1896 3379 1985 3419 168.
2014 3380 2101 3418 103.
2130 3378 2220 3418 189.

288 3441 590 3575 gflngllisza
612 3456 696 3504 pr.
740 3440 783 3487 l.
814 3440 945 3503 quib.
970 3440 1102 3490 mod.
1127 3445 1216 3486 tut.
1238 3440 1328 3499 fin.
1360 3434 1419 3499 (1,
1439 3437 1513 3498 22)
1540 3438 1659 3500 ibiq.
1680 3436 1956 3484 Schrader.
2026 3434 2076 3499 ξ.
2108 3437 2220 3483 197.

1751 3580 1816 3629 5*
