2546 3928
386 217 465 274 60
953 230 1073 265 (1111
1113 229 1314 266 ms'ritr.
1354 215 1397 264 Ι.
1439 215 1738 264 159-162.

382 356 723 430 adgnationis
778 353 996 428 quidem
1059 356 1143 409 ius
1201 354 1391 426 capitis
1446 350 1802 408 diminutione
1855 352 2166 426 perimitur,
2226 368 2321 409 co·

384 440 661 514 guntionis
698 456 833 495 uero
874 443 960 494 ius
1004 454 1113 494 non
1144 446 1540 505 commutatum
1584 439 1707 511 quia
1747 437 1920 493 ciuilis
1961 437 2100 491 ratio
2140 435 2320 492 ciuilia

385 523 601 597 quidem
653 525 770 579 iura
813 538 1162 597 corrumpere
1214 530 1422 595 potest,
1472 518 1736 578 naturalia
1777 537 1911 576 uero
1963 535 2073 576 non
2113 529 2318 594 potest.

380 605 508 665 159.
563 607 658 663 Est
698 616 877 663 autem
919 608 1107 681 capitis
1156 606 1440 661 diminutio
1494 606 1691 678 prioris
1735 613 1923 661 status
1962 609 2287 678 permutatio
2302 630 2321 666 ;

386 708 565 766 eaque
597 691 774 748 tribus
818 691 993 748 modis
1025 691 1242 748 accidit:
1291 706 1413 745 nam
1443 698 1536 745 aut
1566 691 1790 745 maxima
1832 699 1915 746 est
1946 690 2135 762 capitis
2166 688 2323 744 dimi-

385 781 560 847 nutio,
609 786 701 833 aut
742 778 941 849 miuor,
985 792 1142 853 quam
1187 775 1411 849 quidam
1440 773 1665 830 mediam
1696 782 1913 845 uocant,
1959 782 2054 829 aut
2082 775 2319 828 minima.

380 857 513 918 160.
563 861 785 917 Maxima
825 868 910 916 est
938 862 1138 934 capitis
1171 859 1478 930 diminutio,
1522 875 1642 914 cum
1675 859 1867 931 aliquis
1910 857 2158 913 simulet
2189 859 2322 914 ciui-

386 956 549 1003 tatem
580 954 635 1001 et
669 943 969 1001 libertatem
996 943 1226 1013 amittit3
1258 943 1425 1017 ’quod
1452 945 1666 1000 accidit
1692 945 1849 1000 uelut
1877 946 1933 999 in
1963 934 2095 1016 kis,¹
2132 943 2224 1015 qui
2253 958 2321 997 ex

280 1044 362 1097 44,
383 1031 553 1104 patria
606 1029 718 1084 ’aut
763 1044 986 1085 censum
1025 1021 1033 1104 Ι
1073 1046 1185 1085 non
1219 1029 1487 1100 professi
1526 1036 1627 1084 aut
1667 1030 1903 1083 militiae
1943 1043 2145 1082 munus
2181 1027 2320 1098 fm-
2343 1033 2468 1092 [13θὲ

268 1119 298 1158 ῑ·
328 1127 364 1160 S·
388 1116 562 1170 strati
594 1127 844 1183 pereyre
876 1121 1144 1182 uertant,
1189 1116 1320 1169 item
1351 1117 1409 1168 in
1438 1113 1548 1183 Itis,
1589 1116 1692 1185 qui
1717 1115 1775 1167 in
1807 1115 2012 1183 patria
2045 1119 2323 1184 tanquam

386 1213 589 1254 seruos
618 1212 682 1253 se
713 1198 1057 1253 uenumdari
1092 1201 1261 1268 passi
1302 1212 1380 1253 ex
1417 1204 1657 1253 senatus
1684 1199 1943 1253 consulto
1974 1199 2137 1252 serui
2171 1198 2325 1267 fiunt

387 1299 605 1353 eorum,
635 1297 880 1354 quorum
898 1280 1376 1352 fraudandorum
1402 1289 1411 1342 Ι
1437 1281 1726 1337 eonsilium
1752 1279 2070 1351 habuerint,
2096 1295 2324 1353 quaeue

386 1371 672 1440 inqenuae
698 1381 776 1421 ex
800 1374 1038 1423 senatus
1062 1358 1351 1437 consulto²
1376 1374 1384 1426 Ι
1415 1364 1703 1421 Claudiano
1730 1364 1953 1421 ancillae
1979 1362 2118 1420 fiunt
2133 1381 2322 1420 eorum

387 1451 752 1523 dominorum,
786 1450 984 1524 quibus
1012 1452 1200 1506 inuitis
1228 1459 1285 1506 et
1308 1448 1751 1506 denuntiantibus
1780 1450 1957 1506 nihilo
1985 1450 2174 1506 minus
2199 1464 2324 1504 cum

389 1537 564 1592 seruis
597 1552 789 1592 eorum
819 1537 1064 1593 coierint.
1140 1531 1265 1593 161.
1313 1533 1486 1590 Minor
1517 1538 1709 1608 capitis
1739 1533 2025 1590 diminutio
2057 1540 2161 1604 est,
2193 1550 2324 1590 eum

388 1625 596 1678 ciuitas
626 1622 851 1693 quidem
881 1622 1175 1689 amittitur,
1217 1619 1439 1675 libertas
1471 1635 1603 1674 uero
1634 1619 1928 1679 retinetur:
1977 1620 2132 1690 quod
2160 1621 2320 1674 acei-

387 1707 469 1760 dit
500 1709 571 1774 ei,
604 1707 702 1759 cui
730 1720 875 1776 aqua
908 1712 962 1759 et
992 1705 1107 1776 igni
1135 1704 1483 1758 interdictum
1508 1703 1713 1774 fuerit.
1805 1696 1933 1758 162.
1982 1702 2193 1758 Minima
2227 1719 2325 1758 ca-

386 1791 522 1858 pitis
563 1787 849 1841 diminutio
881 1794 987 1856 est,
1025 1802 1153 1841 cum
1194 1791 1251 1842 et
1294 1788 1489 1842 ciuitas
1532 1794 1586 1841 et
1626 1786 1849 1842 libertas
1880 1790 2177 1856 retinetur,
2222 1789 2327 1843 secl

292 1928 308 1937 ,
387 1879 575 1927 status
597 1871 838 1926 hominis
862 1877 1275 1933 commutatur,-
1306 1872 1461 1943 quod
1480 1872 1690 1927 accidit
1720 1872 1773 1926 in
1805 1872 1911 1941 his,
1943 1873 2034 1944 qui
2066 1870 2326 1945 adoptan-

391 2072 596 2123 Lachm.
625 2072 695 2133 ej.
721 2071 803 2120 ed.
831 2068 930 2134 By.
1040 2068 1080 2132 ¹)
1119 2086 1237 2134 quae
1260 2097 1328 2105 -—
1354 2096 1419 2106 -—
1444 2097 1510 2104 —
1540 2096 1595 2106 —-
1624 2081 1653 2122 *
1674 2079 1704 2117 *
1730 2072 1811 2120 ed.
1839 2070 1941 2136 By.
1979 2069 2093 2135 Eyo
2119 2071 2327 2121 ‘Gaius’

387 2157 442 2204 p.
469 2150 519 2189 29
545 2140 645 2201 ej..·
679 2153 797 2201 quae
833 2139 1131 2188 amittuntur
1164 2142 1302 2187 uelut
1338 2138 1399 2187 ab
1425 2138 1525 2195 his;
1564 2139 1805 2189 Goesch..·
1839 2139 1962 2202 quod
1986 2138 2132 2187 uerbi
2151 2139 2328 2202 yratia

391 2208 551 2257 euenit
573 2209 622 2255 iu
650 2205 742 2254 his.
781 2204 890 2254 Sed
912 2200 1005 2270 88.
1032 2214 1122 2256 161.
1150 2215 1242 2255 162.
1268 2212 1319 2255 et
1344 2200 1465 2270 8.1.
1491 2206 1540 2254 I.
1567 2207 1615 2256 Ιι.
1642 2213 1680 2259 t.
1706 2214 1941 2271 arguunt,
1967 2214 2017 2256 et
2039 2206 2121 2256 itio
2149 2205 2326 2255 Gaium

389 2275 690 2336 scripsisse:
716 2286 756 2340 q
785 2272 951 2334 (quod)
989 2272 1169 2322 accidit
1191 2298 1257 2307 —
1281 2273 1332 2322 in
1357 2274 1448 2322 his.
1552 2271 1596 2336 ²)
1638 2272 1783 2334 Quod
1806 2270 2005 2328 ‘Gaius’
2028 2290 2085 2338 p.
2110 2284 2178 2323 29.
2205 2289 2328 2323 eon-

387 2343 633 2390 ieoeram:
661 2342 716 2391 ti.
746 2340 953 2400 gentium
975 2347 983 2393 Ι
1005 2342 1191 2390 violato
1207 2342 1499 2404 peregrinis
1514 2343 1720 2405 populis
1734 2357 1835 2405 per
1850 2349 2048 2405 patrem
2063 2348 2329 2404 patratum

394 2409 688 2469 deduntur’‚
715 2408 771 2457 id
787 2409 885 2455 iam
903 2421 1004 2456 non
1021 2410 1312 2470 procedere
1329 2409 1491 2468 video,
1522 2413 1640 2473 quia
1662 2424 1903 2474 nusquam
1927 2411 2059 2458 ‘iure
2080 2410 2325 2471 pentium’

389 2478 482 2527 hoo
506 2477 653 2527 modo
678 2482 904 2526 notatur.
955 2474 1143 2541 Itaque
1167 2489 1299 2525 nuno
1322 2477 1514 2525 malim:
1540 2480 1570 2526 ᾗ
1594 2475 1715 2541 (aut)
1740 2492 1932 2527 censum
1956 2482 2054 2528 etc.
2093 2475 2322 2539 Gfivtp.

390 2558 454 2602 11,
475 2557 540 2602 11,.
577 2542 666 2594 Sic
690 2546 818 2595 enim
839 2550 1027 2601 statuo,
1058 2543 1233 2594 Gaium
1258 2545 1357 2593 duo
1378 2560 1572 2609 yenera
1595 2545 1739 2595 huius
1761 2547 1949 2608 capitis
1971 2545 2334 2595 deminutionis

389 2614 637 2672 attulisse,
663 2628 809 2662 unum
832 2626 1018 2671 eorum,
1046 2615 1134 2676 qui
1156 2626 1227 2661 ex
1246 2614 1427 2675 patria
1446 2628 1667 2677 peregre
1692 2614 1744 2661 in
1766 2614 2055 2662 servitutem
2076 2614 2324 2669 venirent,

389 2682 601 2728 alterum
634 2694 821 2739 eorum,
859 2681 945 2742 qui
976 2681 1028 2727 in
1051 2681 1230 2742 patria
1251 2681 1391 2729 servi
1405 2681 1610 2742 fierent,
1637 2688 1687 2729 et
1709 2681 1969 2745 utriusque
1997 2683 2201 2742 generis
2226 2681 2330 2729 duo

390 2748 626 2810 exempla
655 2746 914 2809 posuisse,
961 2760 1032 2794 ea:
1066 2745 1243 2809 quibus
1284 2747 1398 2810 Ulp.
1433 2752 1467 2800 l.
1502 2764 1545 2801 e.
1580 2751 1796 2798 alterum
1827 2750 2074 2797 detraxit.
2136 2747 2326 2812 Itaque

388 2814 655 2864 verisimile
681 2818 771 2871 est,
804 2813 960 2876 primi
979 2814 1185 2876 yeneris
1208 2816 1443 2877 exempla
1464 2813 1627 2876 fuisse
1650 2817 1903 2865 incensum
1927 2822 1979 2864 et
1999 2816 2200 2864 militem
2225 2830 2330 2865 non

386 2882 578 2942 factum
613 2879 742 2942 (Cio.
763 2895 864 2945 pro
893 2879 1042 2929 Caee.
1064 2879 1162 2945 84).
1205 2880 1275 2929 In
1299 2881 1428 2931 hune
1450 2897 1647 2933 sensum
1670 2900 1713 2933 v.
1742 2894 1891 2932 1-4.
1914 2883 2133 2943 restitui,
2161 2884 2328 2932 consi·

391 2952 504 2998 lium
528 2949 787 2998 habuerint
819 2964 853 2997 a
882 2947 1093 2998 Goeseh.
1121 2955 1388 3011 mutuatus,
1425 2952 1614 3015 alioqui
1637 2966 1737 3001 non
1761 2952 1825 2999 de
1849 2965 2147 3015 unoquoque
2172 2950 2334 3000 verbo

389 3018 664 3078 spondens.
701 3015 861 3066 Initio
885 3033 931 3070 υ.
957 3028 996 3064 1.
1021 3017 1267 3079 seriptum
1287 3016 1450 3078 fuisse
1468 3020 1680 3081 putavi:
1702 3019 1736 3068 ιῖ
1756 3019 1904 3082 pressi
1928 3020 1974 3067 5.
2003 3016 2109 3081 By.
2131 3021 2330 3067 tantum

388 3086 442 3132 in
470 3085 573 3147 fine
605 3083 719 3132 ed.:
764 3084 911 3131 ‘item
941 3082 1161 3144 feminae
1192 3082 1387 3134 liberae
1423 3101 1493 3135 ex
1520 3088 2008 3136 senatusconsulto’.

391 3235 535 3297 infra
561 3244 598 3293 3,
626 3244 694 3285 27.
728 3245 795 3285 51.
838 3233 952 3297 Ulp.
990 3246 1055 3290 11,
1091 3245 1130 3283 9.
1165 3262 1232 3270 ——
1267 3236 1331 3284 L.
1360 3246 1399 3289 8.
1435 3237 1503 3285 D.
1531 3238 1595 3287 de
1619 3253 1732 3301 cap.
1757 3238 1869 3286 min.
1898 3234 1962 3299 (4,
1988 3237 2051 3297 5).
2089 3231 2152 3286 L.
2176 3247 2218 3285 8.
2256 3238 2327 3286 D.

393 3304 456 3352 de
481 3318 592 3368 req.
617 3305 714 3352 iur.
742 3307 827 3362 (50,
855 3301 944 3364 17).
1052 3296 1254 3367 §.152
1288 3324 1356 3345 =
1385 3320 1471 3367 pr.
1498 3304 1547 3353 I.
1577 3306 1641 3355 de
1664 3320 1780 3368 cap.
1810 3306 1979 3357 dimin.
2018 3302 2081 3367 (1,
2107 3302 2199 3367 16).
2238 3303 2329 3364 Cf.

394 3371 460 3421 L.
486 3382 524 3419 1.
553 3370 616 3419 D.
644 3371 755 3424 eod.
783 3369 845 3433 (4,
870 3367 932 3429 5).
963 3371 1079 3434 Uip.
1107 3382 1174 3429 11,
1196 3381 1260 3419 16.
1371 3410 1382 3420 .
1413 3372 1527 3421 160.
1556 3372 1635 3435 Cf.
1660 3368 1712 3439 S.
1736 3384 1774 3422 1.
1800 3372 1852 3421 1.
1881 3374 1994 3425 eod.
2025 3372 2141 3435 Ulp.
2167 3384 2233 3433 11,
2259 3383 2327 3422 11.

390 3453 553 3502 supra
579 3434 671 3504 88.
700 3447 766 3489 84.
793 3448 859 3488 91.
1033 3477 1047 3491 .
1079 3438 1191 3488 161.
1215 3458 1284 3479 =
1349 3471 1363 3487 .
1386 3448 1427 3489 2.
1465 3440 1514 3492 I.
1541 3441 1654 3490 eod.
1694 3440 1773 3502 Cf.
1804 3440 1919 3504 Ulp.
1959 3450 2023 3497 11,
2051 3449 2115 3489 18.
2163 3454 2332 3502 supra

395 3501 448 3569 8.
473 3515 565 3554 128.
673 3502 868 3572 §.162
893 3526 960 3547 =
1030 3545 1040 3556 .
1070 3516 1108 3555 3.
1148 3504 1197 3556 I.
1225 3507 1342 3556 eod.
1377 3505 1495 3571 Ulp.
1526 3516 1589 3569 11,
1617 3517 1680 3556 13.
1712 3508 1769 3557 L.
1797 3517 1839 3557 3.
1874 3503 1995 3573 8.1.
2025 3506 2090 3555 D.
2115 3507 2178 3557 de
2207 3521 2329 3571 cap.

394 3572 508 3622 min.
537 3570 604 3635 (4,
630 3571 695 3634 5).
733 3572 920 3625 Boeth.
948 3576 1019 3624 ad
1044 3574 1147 3625 Cic.
1180 3571 1308 3637 Top.
1334 3585 1374 3623 4.
1399 3590 1451 3637 p.
1477 3584 1552 3625 302
1577 3573 1720 3625 Bait.
