<?xml version="1.0" encoding="UTF-8"?>
<!DOCTYPE html PUBLIC "-//W3C//DTD XHTML 1.0 Transitional//EN"
    "http://www.w3.org/TR/xhtml1/DTD/xhtml1-transitional.dtd">
<html xmlns="http://www.w3.org/1999/xhtml" xml:lang="en" lang="en">
 <head>
  <title>
</title>
<meta http-equiv="Content-Type" content="text/html;charset=utf-8" />
  <meta name='ocr-system' content='tesseract 3.04.00' />
  <meta name='ocr-capabilities' content='ocr_page ocr_carea ocr_par ocr_line ocrx_word'/>
</head>
<body>
  <div class='ocr_page' id='page_1' title='image "./institutionumiu00gaiugoog_0106.png"; bbox 0 0 2546 3928; ppageno 0'>
   <div class='ocr_carea' id='block_1_1' title="bbox 290 1882 371 1931">
    <p class='ocr_par' dir='ltr' id='par_1_1' title="bbox 290 1882 371 1931">
     <span class='ocr_line' id='line_1_1' title="bbox 290 1882 371 1931; baseline -0.025 0"><span class='ocrx_word' id='word_1_1' title='bbox 290 1882 371 1931; x_wconf 75' lang='lat'>94.</span> 
     </span>
    </p>
   </div>
   <div class='ocr_carea' id='block_1_2' title="bbox 379 211 1743 274">
    <p class='ocr_par' dir='ltr' id='par_1_2' title="bbox 379 211 1743 274">
     <span class='ocr_line' id='line_1_2' title="bbox 379 211 1743 274; baseline -0.007 -7"><span class='ocrx_word' id='word_1_2' title='bbox 379 217 501 274; x_wconf 87' lang='grc'>100</span> <span class='ocrx_word' id='word_1_3' title='bbox 935 228 1049 262; x_wconf 74' lang='lat' dir='ltr'>GAn</span> <span class='ocrx_word' id='word_1_4' title='bbox 1091 226 1289 260; x_wconf 73' lang='lat' dir='ltr'>ms&#39;rtr.</span> <span class='ocrx_word' id='word_1_5' title='bbox 1327 211 1397 261; x_wconf 93' lang='grc' dir='ltr'>ΙΙ.</span> <span class='ocrx_word' id='word_1_6' title='bbox 1441 212 1743 259; x_wconf 78' lang='grc'><strong>152-155.</strong></span> 
     </span>
    </p>
   </div>
   <div class='ocr_carea' id='block_1_3' title="bbox 377 345 2328 2031">
    <p class='ocr_par' dir='ltr' id='par_1_3' title="bbox 377 345 2328 2031">
     <span class='ocr_line' id='line_1_3' title="bbox 377 345 2327 427; baseline -0.006 -15"><span class='ocrx_word' id='word_1_7' title='bbox 377 359 510 412; x_wconf 85' lang='lat' dir='ltr'>toris</span> <span class='ocrx_word' id='word_1_8' title='bbox 544 355 799 410; x_wconf 75' lang='lat' dir='ltr'>Antonini</span> <span class='ocrx_word' id='word_1_9' title='bbox 846 345 1236 427; x_wconf 82' lang='lat' dir='ltr'>significatur.¹</span> <span class='ocrx_word' id='word_1_10' title='bbox 1331 345 1454 406; x_wconf 80' lang='lat'><strong>152.</strong></span> <span class='ocrx_word' id='word_1_11' title='bbox 1506 348 1743 404; x_wconf 78' lang='lat' dir='ltr'>Heredes</span> <span class='ocrx_word' id='word_1_12' title='bbox 1785 355 1961 402; x_wconf 89' lang='lat' dir='ltr'>autem</span> <span class='ocrx_word' id='word_1_13' title='bbox 2007 356 2100 402; x_wconf 88' lang='lat' dir='ltr'>aut</span> <span class='ocrx_word' id='word_1_14' title='bbox 2129 362 2327 401; x_wconf 85' lang='lat' dir='ltr'>neces-</span> 
     </span>
     <span class='ocr_line' id='line_1_4' title="bbox 377 427 2324 496; baseline -0.006 0"><span class='ocrx_word' id='word_1_15' title='bbox 377 442 501 496; x_wconf 89' lang='lat' dir='ltr'>sarii</span> <span class='ocrx_word' id='word_1_16' title='bbox 533 439 790 495; x_wconf 87' lang='lat' dir='ltr'>dicuntur</span> <span class='ocrx_word' id='word_1_17' title='bbox 820 447 911 494; x_wconf 86' lang='lat' dir='ltr'>aut</span> <span class='ocrx_word' id='word_1_18' title='bbox 945 439 1030 493; x_wconf 92' lang='lat' dir='ltr'>sui</span> <span class='ocrx_word' id='word_1_19' title='bbox 1061 445 1114 492; x_wconf 88' lang='lat' dir='ltr'>et</span> <span class='ocrx_word' id='word_1_20' title='bbox 1148 436 1442 491; x_wconf 85' lang='lat' dir='ltr'>necessarii</span> <span class='ocrx_word' id='word_1_21' title='bbox 1475 442 1569 488; x_wconf 87' lang='lat' dir='ltr'>aut</span> <span class='ocrx_word' id='word_1_22' title='bbox 1599 433 1854 488; x_wconf 73' lang='lat' dir='ltr'>extranei.</span> <span class='ocrx_word' id='word_1_23' title='bbox 1943 427 2069 487; x_wconf 83' lang='lat'>153.</span> <span class='ocrx_word' id='word_1_24' title='bbox 2119 430 2324 485; x_wconf 86' lang='lat' dir='ltr'>Neces-</span> 
     </span>
     <span class='ocr_line' id='line_1_5' title="bbox 379 515 2327 581; baseline -0.005 -1"><span class='ocrx_word' id='word_1_25' title='bbox 379 527 552 581; x_wconf 86' lang='lat' dir='ltr'>sarius</span> <span class='ocrx_word' id='word_1_26' title='bbox 585 525 741 578; x_wconf 88' lang='lat' dir='ltr'>heres</span> <span class='ocrx_word' id='word_1_27' title='bbox 774 533 858 578; x_wconf 89' lang='lat' dir='ltr'>est</span> <span class='ocrx_word' id='word_1_28' title='bbox 887 538 1083 577; x_wconf 90' lang='lat' dir='ltr'>seruus</span> <span class='ocrx_word' id='word_1_29' title='bbox 1116 536 1236 576; x_wconf 85' lang='lat' dir='ltr'>cum</span> <span class='ocrx_word' id='word_1_30' title='bbox 1268 519 1520 574; x_wconf 89' lang='lat' dir='ltr'>libertate</span> <span class='ocrx_word' id='word_1_31' title='bbox 1552 519 1708 572; x_wconf 88' lang='lat' dir='ltr'>heres</span> <span class='ocrx_word' id='word_1_32' title='bbox 1739 517 2050 577; x_wconf 85' lang='lat' dir='ltr'>institutus;</span> <span class='ocrx_word' id='word_1_33' title='bbox 2085 515 2208 570; x_wconf 88' lang='lat' dir='ltr'>ideo</span> <span class='ocrx_word' id='word_1_34' title='bbox 2239 517 2327 571; x_wconf 83' lang='lat' dir='ltr'>sie</span> 
     </span>
     <span class='ocr_line' id='line_1_6' title="bbox 380 600 2323 684; baseline -0.006 -18"><span class='ocrx_word' id='word_1_35' title='bbox 380 609 703 684; x_wconf 54' lang='lat' dir='ltr'>appellum,</span> <span class='ocrx_word' id='word_1_36' title='bbox 747 609 891 680; x_wconf 88' lang='lat' dir='ltr'>quia,</span> <span class='ocrx_word' id='word_1_37' title='bbox 935 607 1050 661; x_wconf 89' lang='lat' dir='ltr'>siue</span> <span class='ocrx_word' id='word_1_38' title='bbox 1082 604 1216 659; x_wconf 86' lang='lat' dir='ltr'>uelit</span> <span class='ocrx_word' id='word_1_39' title='bbox 1246 605 1364 658; x_wconf 89' lang='lat' dir='ltr'>siue</span> <span class='ocrx_word' id='word_1_40' title='bbox 1397 603 1554 673; x_wconf 92' lang='lat' dir='ltr'>nolit,</span> <span class='ocrx_word' id='word_1_41' title='bbox 1587 600 1898 657; x_wconf 91' lang='lat' dir='ltr'>omnimodo</span> <span class='ocrx_word' id='word_1_42' title='bbox 1929 609 2056 674; x_wconf 90' lang='lat' dir='ltr'>post</span> <span class='ocrx_word' id='word_1_43' title='bbox 2088 607 2323 654; x_wconf 88' lang='lat' dir='ltr'>mortem</span> 
     </span>
     <span class='ocr_line' id='line_1_7' title="bbox 379 683 2326 766; baseline -0.007 -16"><span class='ocrx_word' id='word_1_44' title='bbox 379 694 659 750; x_wconf 85' lang='lat' dir='ltr'>testatoris</span> <span class='ocrx_word' id='word_1_45' title='bbox 693 693 944 766; x_wconf 85' lang='lat' dir='ltr'>protinus</span> <span class='ocrx_word' id='word_1_46' title='bbox 978 689 1111 745; x_wconf 78' lang='lat' dir='ltr'>iiber</span> <span class='ocrx_word' id='word_1_47' title='bbox 1152 698 1205 744; x_wconf 91' lang='lat' dir='ltr'>et</span> <span class='ocrx_word' id='word_1_48' title='bbox 1237 688 1394 743; x_wconf 90' lang='lat' dir='ltr'>heres</span> <span class='ocrx_word' id='word_1_49' title='bbox 1427 696 1527 759; x_wconf 72' lang='lat' dir='ltr'>est.</span> <span class='ocrx_word' id='word_1_50' title='bbox 1615 683 1743 742; x_wconf 87' lang='lat'>154.</span> <span class='ocrx_word' id='word_1_51' title='bbox 1790 683 1942 740; x_wconf 83' lang='lat' dir='ltr'>Unde</span> <span class='ocrx_word' id='word_1_52' title='bbox 1973 685 2063 758; x_wconf 91' lang='lat' dir='ltr'>qui</span> <span class='ocrx_word' id='word_1_53' title='bbox 2097 683 2326 740; x_wconf 84' lang='lat' dir='ltr'>faculta-</span> 
     </span>
     <span class='ocr_line' id='line_1_8' title="bbox 382 768 2327 850; baseline -0.005 -16"><span class='ocrx_word' id='word_1_54' title='bbox 382 788 463 834; x_wconf 86' lang='lat' dir='ltr'>tes</span> <span class='ocrx_word' id='word_1_55' title='bbox 495 795 622 833; x_wconf 86' lang='lat' dir='ltr'>suas</span> <span class='ocrx_word' id='word_1_56' title='bbox 655 785 934 850; x_wconf 79' lang='lat' dir='ltr'>suspectas</span> <span class='ocrx_word' id='word_1_57' title='bbox 969 773 1151 845; x_wconf 83' lang='lat' dir='ltr'>habet,</span> <span class='ocrx_word' id='word_1_58' title='bbox 1196 772 1339 828; x_wconf 83' lang='lat' dir='ltr'>solet</span> <span class='ocrx_word' id='word_1_59' title='bbox 1369 788 1590 828; x_wconf 90' lang='lat' dir='ltr'>seruum</span> <span class='ocrx_word' id='word_1_60' title='bbox 1620 772 1795 844; x_wconf 88' lang='lat' dir='ltr'>primo</span> <span class='ocrx_word' id='word_1_61' title='bbox 1833 779 1927 824; x_wconf 89' lang='lat' dir='ltr'>aut</span> <span class='ocrx_word' id='word_1_62' title='bbox 1958 768 2199 825; x_wconf 84' lang='lat' dir='ltr'>secundo</span> <span class='ocrx_word' id='word_1_63' title='bbox 2231 769 2327 824; x_wconf 92' lang='lat' dir='ltr'>uel</span> 
     </span>
     <span class='ocr_line' id='line_1_9' title="bbox 382 855 2325 934; baseline -0.006 -16"><span class='ocrx_word' id='word_1_64' title='bbox 382 864 543 919; x_wconf 86' lang='lat' dir='ltr'>etiam</span> <span class='ocrx_word' id='word_1_65' title='bbox 578 861 835 917; x_wconf 86' lang='lat' dir='ltr'>ulteriore</span> <span class='ocrx_word' id='word_1_66' title='bbox 866 859 1036 934; x_wconf 83' lang='lat' dir='ltr'>gradu</span> <span class='ocrx_word' id='word_1_67' title='bbox 1071 857 1297 914; x_wconf 87' lang='lat' dir='ltr'>liberum</span> <span class='ocrx_word' id='word_1_68' title='bbox 1331 865 1386 912; x_wconf 88' lang='lat' dir='ltr'>et</span> <span class='ocrx_word' id='word_1_69' title='bbox 1415 855 1668 911; x_wconf 82' lang='lat' dir='ltr'>heredem</span> <span class='ocrx_word' id='word_1_70' title='bbox 1702 855 2007 926; x_wconf 81' lang='lat' dir='ltr'>instituere,</span> <span class='ocrx_word' id='word_1_71' title='bbox 2039 863 2098 908; x_wconf 99' lang='lat' dir='ltr'>ut</span> <span class='ocrx_word' id='word_1_72' title='bbox 2128 855 2172 907; x_wconf 90' lang='lat' dir='ltr'>si</span> <span class='ocrx_word' id='word_1_73' title='bbox 2204 869 2325 908; x_wconf 84' lang='lat' dir='ltr'>ere-</span> 
     </span>
     <span class='ocr_line' id='line_1_10' title="bbox 383 939 2319 1016; baseline -0.006 -13"><span class='ocrx_word' id='word_1_74' title='bbox 383 947 651 1003; x_wconf 85' lang='lat' dir='ltr'>ditoribus</span> <span class='ocrx_word' id='word_1_75' title='bbox 699 947 830 1001; x_wconf 88' lang='lat' dir='ltr'>satis</span> <span class='ocrx_word' id='word_1_76' title='bbox 875 961 984 999; x_wconf 90' lang='lat' dir='ltr'>non</span> <span class='ocrx_word' id='word_1_77' title='bbox 1027 941 1139 1014; x_wconf 84' lang='lat' dir='ltr'>fiat,</span> <span class='ocrx_word' id='word_1_78' title='bbox 1182 943 1366 1016; x_wconf 88' lang='lat' dir='ltr'>potius</span> <span class='ocrx_word' id='word_1_79' title='bbox 1400 942 1556 996; x_wconf 82' lang='lat' dir='ltr'>huius</span> <span class='ocrx_word' id='word_1_80' title='bbox 1600 939 1816 995; x_wconf 88' lang='lat' dir='ltr'>heredis</span> <span class='ocrx_word' id='word_1_81' title='bbox 1849 955 2006 1011; x_wconf 85' lang='lat' dir='ltr'>quam</span> <span class='ocrx_word' id='word_1_82' title='bbox 2040 939 2211 1012; x_wconf 88' lang='lat' dir='ltr'>ipsius</span> <span class='ocrx_word' id='word_1_83' title='bbox 2243 947 2319 992; x_wconf 84' lang='lat' dir='ltr'>te·</span> 
     </span>
     <span class='ocr_line' id='line_1_11' title="bbox 384 1022 2325 1098; baseline -0.006 -10"><span class='ocrx_word' id='word_1_84' title='bbox 384 1033 605 1088; x_wconf 86' lang='lat' dir='ltr'>statoris</span> <span class='ocrx_word' id='word_1_85' title='bbox 650 1029 787 1085; x_wconf 91' lang='lat' dir='ltr'>bona</span> <span class='ocrx_word' id='word_1_86' title='bbox 833 1037 1083 1096; x_wconf 86' lang='lat' dir='ltr'>ueneant,</span> <span class='ocrx_word' id='word_1_87' title='bbox 1137 1027 1188 1081; x_wconf 91' lang='lat' dir='ltr'>id</span> <span class='ocrx_word' id='word_1_88' title='bbox 1234 1036 1338 1098; x_wconf 85' lang='lat' dir='ltr'>est,</span> <span class='ocrx_word' id='word_1_89' title='bbox 1383 1036 1442 1081; x_wconf 94' lang='lat' dir='ltr'>ut</span> <span class='ocrx_word' id='word_1_90' title='bbox 1481 1025 1796 1098; x_wconf 80' lang='lat' dir='ltr'>ignominia,</span> <span class='ocrx_word' id='word_1_91' title='bbox 1841 1039 1976 1096; x_wconf 88' lang='lat' dir='ltr'>quae</span> <span class='ocrx_word' id='word_1_92' title='bbox 2020 1022 2213 1079; x_wconf 83' lang='lat' dir='ltr'>accidit</span> <span class='ocrx_word' id='word_1_93' title='bbox 2257 1039 2325 1078; x_wconf 80' lang='lat' dir='ltr'>ex</span> 
     </span>
     <span class='ocr_line' id='line_1_12' title="bbox 386 1108 2328 1183; baseline -0.005 -14"><span class='ocrx_word' id='word_1_94' title='bbox 386 1114 697 1170; x_wconf 88' lang='lat' dir='ltr'>uenditione</span> <span class='ocrx_word' id='word_1_95' title='bbox 730 1113 1015 1182; x_wconf 85' lang='lat' dir='ltr'>bonorum,</span> <span class='ocrx_word' id='word_1_96' title='bbox 1060 1110 1204 1166; x_wconf 87' lang='lat' dir='ltr'>hunc</span> <span class='ocrx_word' id='word_1_97' title='bbox 1238 1113 1421 1183; x_wconf 86' lang='lat' dir='ltr'>potius</span> <span class='ocrx_word' id='word_1_98' title='bbox 1463 1108 1714 1165; x_wconf 83' lang='lat' dir='ltr'>heredem</span> <span class='ocrx_word' id='word_1_99' title='bbox 1749 1125 1904 1182; x_wconf 89' lang='lat' dir='ltr'>quam</span> <span class='ocrx_word' id='word_1_100' title='bbox 1948 1109 2126 1182; x_wconf 90' lang='lat' dir='ltr'>ipsum</span> <span class='ocrx_word' id='word_1_101' title='bbox 2156 1116 2328 1164; x_wconf 86' lang='lat' dir='ltr'>testa-</span> 
     </span>
     <span class='ocr_line' id='line_1_13' title="bbox 388 1192 2326 1271; baseline -0.004 -19"><span class='ocrx_word' id='word_1_102' title='bbox 388 1208 560 1254; x_wconf 88' lang='lat' dir='ltr'>torem</span> <span class='ocrx_word' id='word_1_103' title='bbox 615 1199 928 1271; x_wconf 80' lang='lat' dir='ltr'>contingat3</span> <span class='ocrx_word' id='word_1_104' title='bbox 991 1212 1313 1269; x_wconf 89' lang='lat' dir='ltr'>quamquam</span> <span class='ocrx_word' id='word_1_105' title='bbox 1359 1197 1506 1268; x_wconf 85' lang='lat' dir='ltr'>apud</span> <span class='ocrx_word' id='word_1_106' title='bbox 1543 1193 1807 1249; x_wconf 83' lang='lat' dir='ltr'>Fufidium</span> <span class='ocrx_word' id='word_1_107' title='bbox 1851 1192 2049 1248; x_wconf 87' lang='lat' dir='ltr'>Sabino</span> <span class='ocrx_word' id='word_1_108' title='bbox 2095 1193 2326 1266; x_wconf 84' lang='lat' dir='ltr'>placeat,</span> 
     </span>
     <span class='ocr_line' id='line_1_14' title="bbox 387 1277 2327 1354; baseline -0.005 -15"><span class='ocrx_word' id='word_1_109' title='bbox 387 1281 726 1339; x_wconf 85' lang='lat' dir='ltr'>eximendum</span> <span class='ocrx_word' id='word_1_110' title='bbox 771 1298 894 1338; x_wconf 90' lang='lat' dir='ltr'>eum</span> <span class='ocrx_word' id='word_1_111' title='bbox 937 1297 1053 1336; x_wconf 88' lang='lat' dir='ltr'>esse</span> <span class='ocrx_word' id='word_1_112' title='bbox 1097 1281 1414 1354; x_wconf 77' lang='lat' dir='ltr'>ignominia,</span> <span class='ocrx_word' id='word_1_113' title='bbox 1461 1280 1581 1353; x_wconf 89' lang='lat' dir='ltr'>quia</span> <span class='ocrx_word' id='word_1_114' title='bbox 1614 1294 1723 1334; x_wconf 90' lang='lat' dir='ltr'>non</span> <span class='ocrx_word' id='word_1_115' title='bbox 1767 1294 1866 1333; x_wconf 89' lang='lat' dir='ltr'>suo</span> <span class='ocrx_word' id='word_1_116' title='bbox 1901 1278 2057 1348; x_wconf 87' lang='lat' dir='ltr'>uiti0,</span> <span class='ocrx_word' id='word_1_117' title='bbox 2104 1277 2198 1332; x_wconf 85' lang='lat' dir='ltr'>sed</span> <span class='ocrx_word' id='word_1_118' title='bbox 2229 1293 2327 1331; x_wconf 92' lang='lat' dir='ltr'>ne·</span> 
     </span>
     <span class='ocr_line' id='line_1_15' title="bbox 385 1358 2326 1436; baseline -0.003 -13"><span class='ocrx_word' id='word_1_119' title='bbox 385 1369 641 1424; x_wconf 83' lang='lat' dir='ltr'>cessitate</span> <span class='ocrx_word' id='word_1_120' title='bbox 684 1368 815 1422; x_wconf 89' lang='lat' dir='ltr'>iuris</span> <span class='ocrx_word' id='word_1_121' title='bbox 858 1365 1124 1422; x_wconf 89' lang='lat' dir='ltr'>bonorum</span> <span class='ocrx_word' id='word_1_122' title='bbox 1169 1365 1537 1420; x_wconf 89' lang='lat' dir='ltr'>uenditionem</span> <span class='ocrx_word' id='word_1_123' title='bbox 1581 1358 1889 1436; x_wconf 88' lang='lat' dir='ltr'>pateretur;</span> <span class='ocrx_word' id='word_1_124' title='bbox 1933 1362 2027 1417; x_wconf 89' lang='lat' dir='ltr'>sed</span> <span class='ocrx_word' id='word_1_125' title='bbox 2071 1361 2174 1417; x_wconf 88' lang='lat' dir='ltr'>alio</span> <span class='ocrx_word' id='word_1_126' title='bbox 2206 1364 2326 1417; x_wconf 87' lang='lat' dir='ltr'>iure</span> 
     </span>
     <span class='ocr_line' id='line_1_16' title="bbox 387 1445 2328 1508; baseline -0.004 -1"><span class='ocrx_word' id='word_1_127' title='bbox 387 1454 609 1508; x_wconf 85' lang='lat' dir='ltr'>utimur.</span> <span class='ocrx_word' id='word_1_128' title='bbox 697 1449 822 1508; x_wconf 86' lang='lat'>155.</span> <span class='ocrx_word' id='word_1_129' title='bbox 873 1451 975 1506; x_wconf 88' lang='lat' dir='ltr'>Pro</span> <span class='ocrx_word' id='word_1_130' title='bbox 1008 1451 1112 1506; x_wconf 83' lang='lat' dir='ltr'>hoe</span> <span class='ocrx_word' id='word_1_131' title='bbox 1142 1460 1320 1505; x_wconf 83' lang='lat' dir='ltr'>tamen</span> <span class='ocrx_word' id='word_1_132' title='bbox 1356 1447 1694 1504; x_wconf 88' lang='lat' dir='ltr'>incommodo</span> <span class='ocrx_word' id='word_1_133' title='bbox 1725 1448 1864 1503; x_wconf 89' lang='lat' dir='ltr'>illud</span> <span class='ocrx_word' id='word_1_134' title='bbox 1901 1448 1950 1502; x_wconf 91' lang='lat' dir='ltr'>ei</span> <span class='ocrx_word' id='word_1_135' title='bbox 1980 1445 2328 1503; x_wconf 86' lang='lat' dir='ltr'>commodum</span> 
     </span>
     <span class='ocr_line' id='line_1_17' title="bbox 387 1531 2328 1611; baseline -0.003 -20"><span class='ocrx_word' id='word_1_136' title='bbox 387 1545 720 1611; x_wconf 81' lang='lat' dir='ltr'>praestatur,</span> <span class='ocrx_word' id='word_1_137' title='bbox 765 1546 824 1592; x_wconf 90' lang='lat' dir='ltr'>ut</span> <span class='ocrx_word' id='word_1_138' title='bbox 855 1553 936 1608; x_wconf 88' lang='lat' dir='ltr'>ea,</span> <span class='ocrx_word' id='word_1_139' title='bbox 976 1552 1111 1609; x_wconf 84' lang='lat' dir='ltr'>quae</span> <span class='ocrx_word' id='word_1_140' title='bbox 1152 1543 1280 1608; x_wconf 89' lang='lat' dir='ltr'>post</span> <span class='ocrx_word' id='word_1_141' title='bbox 1323 1543 1553 1590; x_wconf 85' lang='lat' dir='ltr'>mortem</span> <span class='ocrx_word' id='word_1_142' title='bbox 1595 1534 1808 1606; x_wconf 87' lang='lat' dir='ltr'>patroni</span> <span class='ocrx_word' id='word_1_143' title='bbox 1849 1531 1949 1586; x_wconf 86' lang='lat' dir='ltr'>sibi</span> <span class='ocrx_word' id='word_1_144' title='bbox 1986 1532 2328 1604; x_wconf 88' lang='lat' dir='ltr'>adquisierit,</span> 
     </span>
     <span class='ocr_line' id='line_1_18' title="bbox 390 1617 2325 1691; baseline -0.005 -14"><span class='ocrx_word' id='word_1_145' title='bbox 390 1624 505 1677; x_wconf 91' lang='lat' dir='ltr'>siue</span> <span class='ocrx_word' id='word_1_146' title='bbox 537 1631 661 1677; x_wconf 85' lang='lat' dir='ltr'>ante</span> <span class='ocrx_word' id='word_1_147' title='bbox 694 1621 961 1677; x_wconf 89' lang='lat' dir='ltr'>bonorum</span> <span class='ocrx_word' id='word_1_148' title='bbox 1004 1620 1372 1675; x_wconf 88' lang='lat' dir='ltr'>uenditionem</span> <span class='ocrx_word' id='word_1_149' title='bbox 1405 1619 1523 1674; x_wconf 87' lang='lat' dir='ltr'>siue</span> <span class='ocrx_word' id='word_1_150' title='bbox 1554 1626 1764 1691; x_wconf 89' lang='lat' dir='ltr'>postea,</span> <span class='ocrx_word' id='word_1_151' title='bbox 1805 1617 1909 1690; x_wconf 87' lang='lat' dir='ltr'>ipsi</span> <span class='ocrx_word' id='word_1_152' title='bbox 1939 1624 2325 1681; x_wconf 88' lang='lat' dir='ltr'>reseruentur;</span> 
     </span>
     <span class='ocr_line' id='line_1_19' title="bbox 390 1696 2327 1780; baseline -0.004 -18"><span class='ocrx_word' id='word_1_153' title='bbox 390 1716 446 1762; x_wconf 86' lang='lat' dir='ltr'>et</span> <span class='ocrx_word' id='word_1_154' title='bbox 489 1707 732 1778; x_wconf 89' lang='lat' dir='ltr'>quamuis</span> <span class='ocrx_word' id='word_1_155' title='bbox 776 1722 876 1780; x_wconf 90' lang='lat' dir='ltr'>pro</span> <span class='ocrx_word' id='word_1_156' title='bbox 918 1697 1213 1778; x_wconf 82' lang='lat' dir='ltr'>portione²</span> <span class='ocrx_word' id='word_1_157' title='bbox 1254 1702 1393 1759; x_wconf 85' lang='lat' dir='ltr'>bona</span> <span class='ocrx_word' id='word_1_158' title='bbox 1436 1704 1727 1773; x_wconf 87' lang='lat' dir='ltr'>uenierint,</span> <span class='ocrx_word' id='word_1_159' title='bbox 1767 1696 1964 1756; x_wconf 82' lang='lat' dir='ltr'>iterum</span> <span class='ocrx_word' id='word_1_160' title='bbox 2007 1717 2071 1756; x_wconf 80' lang='lat' dir='ltr'>ex</span> <span class='ocrx_word' id='word_1_161' title='bbox 2115 1701 2327 1756; x_wconf 86' lang='lat' dir='ltr'>heredi-</span> 
     </span>
     <span class='ocr_line' id='line_1_20' title="bbox 388 1784 2328 1859; baseline -0.004 -15"><span class='ocrx_word' id='word_1_162' title='bbox 388 1791 520 1844; x_wconf 85' lang='lat' dir='ltr'>taria</span> <span class='ocrx_word' id='word_1_163' title='bbox 553 1805 710 1844; x_wconf 85' lang='lat' dir='ltr'>causa</span> <span class='ocrx_word' id='word_1_164' title='bbox 744 1788 885 1844; x_wconf 88' lang='lat' dir='ltr'>bona</span> <span class='ocrx_word' id='word_1_165' title='bbox 912 1789 1027 1842; x_wconf 89' lang='lat' dir='ltr'>eius</span> <span class='ocrx_word' id='word_1_166' title='bbox 1046 1805 1155 1843; x_wconf 92' lang='lat' dir='ltr'>non</span> <span class='ocrx_word' id='word_1_167' title='bbox 1182 1788 1424 1857; x_wconf 84' lang='lat' dir='ltr'>uenient,</span> <span class='ocrx_word' id='word_1_168' title='bbox 1455 1788 1559 1841; x_wconf 90' lang='lat' dir='ltr'>nisi</span> <span class='ocrx_word' id='word_1_169' title='bbox 1590 1787 1635 1841; x_wconf 90' lang='lat' dir='ltr'>si</span> <span class='ocrx_word' id='word_1_170' title='bbox 1667 1787 1800 1859; x_wconf 89' lang='lat' dir='ltr'>quid</span> <span class='ocrx_word' id='word_1_171' title='bbox 1822 1787 1874 1841; x_wconf 83' lang='lat' dir='ltr'>ei</span> <span class='ocrx_word' id='word_1_172' title='bbox 1907 1802 1972 1840; x_wconf 79' lang='lat' dir='ltr'>ex</span> <span class='ocrx_word' id='word_1_173' title='bbox 2004 1784 2328 1841; x_wconf 86' lang='lat' dir='ltr'>hereditaria</span> 
     </span>
     <span class='ocr_line' id='line_1_21' title="bbox 391 1865 2325 1946; baseline -0.002 -19"><span class='ocrx_word' id='word_1_174' title='bbox 391 1889 548 1928; x_wconf 84' lang='lat' dir='ltr'>eausa</span> <span class='ocrx_word' id='word_1_175' title='bbox 595 1872 762 1926; x_wconf 83' lang='lat' dir='ltr'>suerit</span> <span class='ocrx_word' id='word_1_176' title='bbox 802 1871 1150 1944; x_wconf 88' lang='lat' dir='ltr'>adquisitum,</span> <span class='ocrx_word' id='word_1_177' title='bbox 1202 1865 1211 1946; x_wconf 86' lang='grc' dir='ltr'>Ι</span> <span class='ocrx_word' id='word_1_178' title='bbox 1263 1871 1413 1926; x_wconf 86' lang='lat' dir='ltr'>uelut</span> <span class='ocrx_word' id='word_1_179' title='bbox 1454 1872 1498 1925; x_wconf 90' lang='lat' dir='ltr'>si</span> <span class='ocrx_word' id='word_1_180' title='bbox 1541 1870 1738 1926; x_wconf 83' lang='lat' dir='ltr'>’Latini</span> <span class='ocrx_word' id='word_1_181' title='bbox 1776 1872 1955 1941; x_wconf 84' lang='lat' dir='ltr'>bonis,</span> <span class='ocrx_word' id='word_1_182' title='bbox 2000 1872 2094 1942; x_wconf 87' lang='lat' dir='ltr'>qui</span> <span class='ocrx_word' id='word_1_183' title='bbox 2133 1870 2325 1926; x_wconf 81' lang='lat' dir='ltr'>deces-</span> 
     </span>
     <span class='ocr_line' id='line_1_22' title="bbox 390 1949 2328 2031; baseline -0.003 -17"><span class='ocrx_word' id='word_1_184' title='bbox 390 1949 576 2030; x_wconf 82' lang='lat' dir='ltr'>serit,3</span> <span class='ocrx_word' id='word_1_185' title='bbox 605 1957 933 2031; x_wconf 81' lang='lat' dir='ltr'>locupletior</span> <span class='ocrx_word' id='word_1_186' title='bbox 956 1955 1128 2012; x_wconf 80' lang='lat' dir='ltr'>sactus</span> <span class='ocrx_word' id='word_1_187' title='bbox 1154 1957 1253 2029; x_wconf 84' lang='lat' dir='ltr'>sit3</span> <span class='ocrx_word' id='word_1_188' title='bbox 1290 1972 1409 2012; x_wconf 88' lang='lat' dir='ltr'>cum</span> <span class='ocrx_word' id='word_1_189' title='bbox 1431 1964 1735 2012; x_wconf 84' lang='lat' dir='ltr'>ceterorum</span> <span class='ocrx_word' id='word_1_190' title='bbox 1761 1955 2061 2027; x_wconf 87' lang='lat' dir='ltr'>hominum,</span> <span class='ocrx_word' id='word_1_191' title='bbox 2096 1970 2328 2028; x_wconf 87' lang='lat' dir='ltr'>quorum</span> 
     </span>
    </p>
   </div>
   <div class='ocr_carea' id='block_1_4' title="bbox 391 2134 2335 3085">
    <p class='ocr_par' dir='ltr' id='par_1_4' title="bbox 391 2134 2335 3085">
     <span class='ocr_line' id='line_1_23' title="bbox 394 2134 2327 2203; baseline -0.004 -12"><span class='ocrx_word' id='word_1_192' title='bbox 394 2142 590 2192; x_wconf 79' lang='lat' dir='ltr'>tabulas</span> <span class='ocrx_word' id='word_1_193' title='bbox 625 2142 911 2191; x_wconf 76' lang='lat' dir='ltr'>testamenti</span> <span class='ocrx_word' id='word_1_194' title='bbox 940 2141 1180 2189; x_wconf 85' lang='lat' dir='ltr'>inciderit</span> <span class='ocrx_word' id='word_1_195' title='bbox 1213 2138 1343 2203; x_wconf 83' lang='lat' dir='ltr'>(quo</span> <span class='ocrx_word' id='word_1_196' title='bbox 1380 2154 1502 2187; x_wconf 83' lang='lat' dir='ltr'>casu</span> <span class='ocrx_word' id='word_1_197' title='bbox 1537 2140 1920 2188; x_wconf 81' lang='lat' dir='ltr'>testamentaria</span> <span class='ocrx_word' id='word_1_198' title='bbox 1952 2139 1998 2188; x_wconf 86' lang='lat' dir='ltr'>b.</span> <span class='ocrx_word' id='word_1_199' title='bbox 2034 2153 2091 2200; x_wconf 86' lang='lat' dir='ltr'>p.</span> <span class='ocrx_word' id='word_1_200' title='bbox 2127 2134 2327 2202; x_wconf 83' lang='lat' dir='ltr'>delicit)</span> 
     </span>
     <span class='ocr_line' id='line_1_24' title="bbox 391 2206 2330 2273; baseline -0.002 -15"><span class='ocrx_word' id='word_1_201' title='bbox 391 2210 544 2273; x_wconf 80' lang='lat' dir='ltr'>idque</span> <span class='ocrx_word' id='word_1_202' title='bbox 569 2215 751 2272; x_wconf 85' lang='lat' dir='ltr'>aperte</span> <span class='ocrx_word' id='word_1_203' title='bbox 778 2224 840 2257; x_wconf 90' lang='lat' dir='ltr'>ea</span> <span class='ocrx_word' id='word_1_204' title='bbox 864 2215 1025 2256; x_wconf 85' lang='lat' dir='ltr'>mente</span> <span class='ocrx_word' id='word_1_205' title='bbox 1045 2207 1249 2269; x_wconf 79' lang='lat' dir='ltr'>fecerit,</span> <span class='ocrx_word' id='word_1_206' title='bbox 1275 2214 1328 2255; x_wconf 82' lang='lat' dir='ltr'>ut</span> <span class='ocrx_word' id='word_1_207' title='bbox 1352 2208 1594 2256; x_wconf 84' lang='lat' dir='ltr'>intestato</span> <span class='ocrx_word' id='word_1_208' title='bbox 1613 2207 1900 2263; x_wconf 82' lang='lat' dir='ltr'>decederet,</span> <span class='ocrx_word' id='word_1_209' title='bbox 1927 2206 1970 2255; x_wconf 83' lang='lat' dir='ltr'>b.</span> <span class='ocrx_word' id='word_1_210' title='bbox 1992 2220 2330 2269; x_wconf 78' lang='lat' dir='ltr'>possessores</span> 
     </span>
     <span class='ocr_line' id='line_1_25' title="bbox 396 2272 2332 2337; baseline -0.002 -12"><span class='ocrx_word' id='word_1_211' title='bbox 396 2276 458 2325; x_wconf 86' lang='lat' dir='ltr'>ab</span> <span class='ocrx_word' id='word_1_212' title='bbox 484 2277 726 2325; x_wconf 85' lang='lat' dir='ltr'>intestato</span> <span class='ocrx_word' id='word_1_213' title='bbox 753 2275 978 2325; x_wconf 81' lang='lat' dir='ltr'>obtinent</span> <span class='ocrx_word' id='word_1_214' title='bbox 1002 2275 1334 2324; x_wconf 76' lang='lat' dir='ltr'>hereditatem</span> <span class='ocrx_word' id='word_1_215' title='bbox 1370 2275 1517 2323; x_wconf 84' lang='lat' dir='ltr'>etiam</span> <span class='ocrx_word' id='word_1_216' title='bbox 1553 2276 1734 2337; x_wconf 65' lang='lat' dir='ltr'>legatis</span> <span class='ocrx_word' id='word_1_217' title='bbox 1767 2272 2158 2325; x_wconf 83' lang='lat' dir='ltr'>concidentibus.</span> <span class='ocrx_word' id='word_1_218' title='bbox 2200 2276 2332 2323; x_wconf 75' lang='lat' dir='ltr'>‘vin-</span> 
     </span>
     <span class='ocr_line' id='line_1_26' title="bbox 393 2342 2333 2407; baseline -0.002 -15"><span class='ocrx_word' id='word_1_219' title='bbox 393 2350 480 2392; x_wconf 88' lang='lat' dir='ltr'>cat</span> <span class='ocrx_word' id='word_1_220' title='bbox 512 2344 710 2407; x_wconf 82' lang='lat' dir='ltr'>quidem</span> <span class='ocrx_word' id='word_1_221' title='bbox 744 2356 951 2391; x_wconf 87' lang='lat' dir='ltr'>necesse</span> <span class='ocrx_word' id='word_1_222' title='bbox 985 2349 1064 2391; x_wconf 86' lang='lat' dir='ltr'>est</span> <span class='ocrx_word' id='word_1_223' title='bbox 1096 2345 1147 2390; x_wconf 87' lang='lat' dir='ltr'>in</span> <span class='ocrx_word' id='word_1_224' title='bbox 1182 2342 1486 2391; x_wconf 83' lang='lat' dir='ltr'>hereditatis</span> <span class='ocrx_word' id='word_1_225' title='bbox 1509 2343 1754 2406; x_wconf 83' lang='lat' dir='ltr'>petitione</span> <span class='ocrx_word' id='word_1_226' title='bbox 1765 2360 1785 2398; x_wconf 92' lang='lat'>,·</span> <span class='ocrx_word' id='word_1_227' title='bbox 1817 2342 1913 2391; x_wconf 89' lang='lat' dir='ltr'>sed</span> <span class='ocrx_word' id='word_1_228' title='bbox 1926 2344 2084 2405; x_wconf 82' lang='lat' dir='ltr'>fiscus</span> <span class='ocrx_word' id='word_1_229' title='bbox 2109 2342 2158 2391; x_wconf 87' lang='lat' dir='ltr'>ei</span> <span class='ocrx_word' id='word_1_230' title='bbox 2185 2343 2333 2406; x_wconf 82' lang='lat' dir='ltr'>quasi</span> 
     </span>
     <span class='ocr_line' id='line_1_27' title="bbox 395 2409 2333 2475; baseline -0.002 -17"><span class='ocrx_word' id='word_1_231' title='bbox 395 2411 603 2475; x_wconf 71' lang='lat' dir='ltr'>indiyno</span> <span class='ocrx_word' id='word_1_232' title='bbox 637 2409 843 2471; x_wconf 79' lang='lat' dir='ltr'>auferet</span> <span class='ocrx_word' id='word_1_233' title='bbox 875 2409 1224 2473; x_wconf 77' lang='lat' dir='ltr'>hereditatem,</span> <span class='ocrx_word' id='word_1_234' title='bbox 1263 2424 1326 2458; x_wconf 86' lang='lat' dir='ltr'>ne</span> <span class='ocrx_word' id='word_1_235' title='bbox 1359 2412 1459 2459; x_wconf 85' lang='lat' dir='ltr'>ullo</span> <span class='ocrx_word' id='word_1_236' title='bbox 1492 2411 1638 2461; x_wconf 87' lang='lat' dir='ltr'>modo</span> <span class='ocrx_word' id='word_1_237' title='bbox 1672 2411 1744 2459; x_wconf 87' lang='lat' dir='ltr'>ad</span> <span class='ocrx_word' id='word_1_238' title='bbox 1773 2424 1898 2473; x_wconf 84' lang='lat' dir='ltr'>eum,</span> <span class='ocrx_word' id='word_1_239' title='bbox 1935 2425 2076 2475; x_wconf 79' lang='lat' dir='ltr'>quem</span> <span class='ocrx_word' id='word_1_240' title='bbox 2110 2416 2333 2459; x_wconf 77' lang='lat' dir='ltr'>testator</span> 
     </span>
     <span class='ocr_line' id='line_1_28' title="bbox 396 2471 2333 2543; baseline -0.002 -15"><span class='ocrx_word' id='word_1_241' title='bbox 396 2479 632 2529; x_wconf 78' lang='lat' dir='ltr'>heredem</span> <span class='ocrx_word' id='word_1_242' title='bbox 656 2478 845 2527; x_wconf 87' lang='lat' dir='ltr'>habere</span> <span class='ocrx_word' id='word_1_243' title='bbox 869 2479 1066 2541; x_wconf 83' lang='lat' dir='ltr'>noluit&#39;,</span> <span class='ocrx_word' id='word_1_244' title='bbox 1092 2476 1194 2527; x_wconf 87' lang='lat' dir='ltr'>Kr.</span> <span class='ocrx_word' id='word_1_245' title='bbox 1228 2477 1296 2538; x_wconf 77' lang='lat' dir='ltr'>cf.</span> <span class='ocrx_word' id='word_1_246' title='bbox 1327 2471 1477 2542; x_wconf 95' lang='grc'><strong>3.181</strong></span> <span class='ocrx_word' id='word_1_247' title='bbox 1494 2480 1585 2539; x_wconf 83' lang='lat' dir='ltr'>fin.</span> <span class='ocrx_word' id='word_1_248' title='bbox 1682 2474 1723 2543; x_wconf 88' lang='lat'>¹)</span> <span class='ocrx_word' id='word_1_249' title='bbox 1760 2475 2104 2542; x_wconf 72' lang='lat' dir='ltr'>Siynificatum</span> <span class='ocrx_word' id='word_1_250' title='bbox 2130 2492 2190 2528; x_wconf 88' lang='lat' dir='ltr'>eo</span> <span class='ocrx_word' id='word_1_251' title='bbox 2217 2485 2333 2527; x_wconf 84' lang='lat' dir='ltr'>erat</span> 
     </span>
     <span class='ocr_line' id='line_1_29' title="bbox 394 2541 2331 2611; baseline -0.001 -16"><span class='ocrx_word' id='word_1_252' title='bbox 394 2548 622 2611; x_wconf 81' lang='lat' dir='ltr'>primum,</span> <span class='ocrx_word' id='word_1_253' title='bbox 646 2547 978 2596; x_wconf 86' lang='lat' dir='ltr'>hereditatem</span> <span class='ocrx_word' id='word_1_254' title='bbox 1002 2546 1075 2594; x_wconf 90' lang='lat' dir='ltr'>ad</span> <span class='ocrx_word' id='word_1_255' title='bbox 1094 2547 1319 2609; x_wconf 85' lang='lat' dir='ltr'>scriptos</span> <span class='ocrx_word' id='word_1_256' title='bbox 1343 2546 1558 2596; x_wconf 84' lang='lat' dir='ltr'>heredes</span> <span class='ocrx_word' id='word_1_257' title='bbox 1582 2562 1680 2597; x_wconf 85' lang='lat' dir='ltr'>non</span> <span class='ocrx_word' id='word_1_258' title='bbox 1701 2548 1966 2609; x_wconf 81' lang='lat' dir='ltr'>pertinere</span> <span class='ocrx_word' id='word_1_259' title='bbox 1991 2541 2076 2610; x_wconf 87' lang='lat' dir='ltr'>(L.</span> <span class='ocrx_word' id='word_1_260' title='bbox 2103 2555 2146 2595; x_wconf 82' lang='lat'>3.</span> <span class='ocrx_word' id='word_1_261' title='bbox 2173 2546 2235 2594; x_wconf 89' lang='lat' dir='ltr'>D.</span> <span class='ocrx_word' id='word_1_262' title='bbox 2265 2547 2331 2593; x_wconf 86' lang='lat' dir='ltr'>de</span> 
     </span>
     <span class='ocr_line' id='line_1_30' title="bbox 396 2614 2330 2679; baseline -0.002 -16"><span class='ocrx_word' id='word_1_263' title='bbox 396 2616 474 2664; x_wconf 84' lang='lat' dir='ltr'>his</span> <span class='ocrx_word' id='word_1_264' title='bbox 498 2632 545 2679; x_wconf 82' lang='lat' dir='ltr'>q.</span> <span class='ocrx_word' id='word_1_265' title='bbox 573 2617 625 2663; x_wconf 83' lang='lat' dir='ltr'>in</span> <span class='ocrx_word' id='word_1_266' title='bbox 652 2621 768 2667; x_wconf 86' lang='lat' dir='ltr'>test.</span> <span class='ocrx_word' id='word_1_267' title='bbox 797 2615 896 2667; x_wconf 90' lang='lat' dir='ltr'>del.</span> <span class='ocrx_word' id='word_1_268' title='bbox 922 2623 990 2677; x_wconf 89' lang='grc'>28,</span> <span class='ocrx_word' id='word_1_269' title='bbox 1016 2614 1080 2673; x_wconf 87' lang='grc'>4),</span> <span class='ocrx_word' id='word_1_270' title='bbox 1118 2614 1303 2663; x_wconf 83' lang='lat' dir='ltr'>deinde</span> <span class='ocrx_word' id='word_1_271' title='bbox 1329 2615 1494 2675; x_wconf 86' lang='lat' dir='ltr'>etiam,</span> <span class='ocrx_word' id='word_1_272' title='bbox 1525 2615 1663 2679; x_wconf 81' lang='lat' dir='ltr'>quod</span> <span class='ocrx_word' id='word_1_273' title='bbox 1684 2630 1812 2663; x_wconf 84' lang='lat' dir='ltr'>nunc</span> <span class='ocrx_word' id='word_1_274' title='bbox 1835 2616 2181 2678; x_wconf 81' lang='lat' dir='ltr'>comperimus,</span> <span class='ocrx_word' id='word_1_275' title='bbox 2212 2628 2330 2676; x_wconf 85' lang='lat' dir='ltr'>per-</span> 
     </span>
     <span class='ocr_line' id='line_1_31' title="bbox 396 2679 2330 2746; baseline -0.001 -16"><span class='ocrx_word' id='word_1_276' title='bbox 396 2684 563 2731; x_wconf 82' lang='lat' dir='ltr'>tinere</span> <span class='ocrx_word' id='word_1_277' title='bbox 599 2697 697 2731; x_wconf 85' lang='lat' dir='ltr'>non</span> <span class='ocrx_word' id='word_1_278' title='bbox 732 2683 804 2730; x_wconf 89' lang='lat' dir='ltr'>ad</span> <span class='ocrx_word' id='word_1_279' title='bbox 828 2683 1020 2746; x_wconf 82' lang='lat' dir='ltr'>fiscum,</span> <span class='ocrx_word' id='word_1_280' title='bbox 1056 2683 1153 2731; x_wconf 88' lang='lat' dir='ltr'>sed</span> <span class='ocrx_word' id='word_1_281' title='bbox 1174 2683 1245 2730; x_wconf 88' lang='lat' dir='ltr'>ad</span> <span class='ocrx_word' id='word_1_282' title='bbox 1268 2696 1371 2738; x_wconf 87' lang='lat' dir='ltr'>eos,</span> <span class='ocrx_word' id='word_1_283' title='bbox 1410 2684 1497 2746; x_wconf 82' lang='lat' dir='ltr'>qui</span> <span class='ocrx_word' id='word_1_284' title='bbox 1519 2681 1581 2731; x_wconf 87' lang='lat' dir='ltr'>ab</span> <span class='ocrx_word' id='word_1_285' title='bbox 1607 2683 1845 2731; x_wconf 81' lang='lat' dir='ltr'>intestato</span> <span class='ocrx_word' id='word_1_286' title='bbox 1871 2688 2135 2742; x_wconf 82' lang='lat' dir='ltr'>vocantur,</span> <span class='ocrx_word' id='word_1_287' title='bbox 2168 2684 2217 2729; x_wconf 90' lang='lat' dir='ltr'>si</span> <span class='ocrx_word' id='word_1_288' title='bbox 2238 2679 2330 2729; x_wconf 82' lang='lat' dir='ltr'>hoe</span> 
     </span>
     <span class='ocr_line' id='line_1_32' title="bbox 397 2747 2330 2814; baseline -0.001 -17"><span class='ocrx_word' id='word_1_289' title='bbox 397 2756 616 2799; x_wconf 86' lang='lat' dir='ltr'>testator</span> <span class='ocrx_word' id='word_1_290' title='bbox 641 2750 896 2802; x_wconf 81' lang='lat' dir='ltr'>voluisset.</span> <span class='ocrx_word' id='word_1_291' title='bbox 922 2775 987 2784; x_wconf 93' lang='lat'>—</span> <span class='ocrx_word' id='word_1_292' title='bbox 1013 2748 1256 2814; x_wconf 79' lang='lat' dir='ltr'>Sequitur</span> <span class='ocrx_word' id='word_1_293' title='bbox 1280 2751 1413 2798; x_wconf 87' lang='lat' dir='ltr'>linea</span> <span class='ocrx_word' id='word_1_294' title='bbox 1438 2765 1613 2799; x_wconf 82' lang='lat' dir='ltr'>vacua.</span> <span class='ocrx_word' id='word_1_295' title='bbox 1707 2747 1750 2812; x_wconf 82' lang='lat'>²)</span> <span class='ocrx_word' id='word_1_296' title='bbox 1789 2758 1980 2814; x_wconf 87' lang='lat' dir='ltr'>propter</span> <span class='ocrx_word' id='word_1_297' title='bbox 2004 2750 2330 2798; x_wconf 83' lang='lat' dir='ltr'>contractione</span> 
     </span>
     <span class='ocr_line' id='line_1_33' title="bbox 401 2813 2326 2881; baseline -0.002 -14"><span class='ocrx_word' id='word_1_298' title='bbox 401 2815 454 2867; x_wconf 78' lang='lat' dir='ltr'>G.</span> <span class='ocrx_word' id='word_1_299' title='bbox 490 2832 575 2881; x_wconf 85' lang='lat' dir='ltr'>pro</span> <span class='ocrx_word' id='word_1_300' title='bbox 608 2843 1038 2853; x_wconf 87' lang='lat'>—————</span> <span class='ocrx_word' id='word_1_301' title='bbox 1062 2833 1088 2862; x_wconf 70' lang='grc' dir='ltr'>ια</span> <span class='ocrx_word' id='word_1_302' title='bbox 1113 2818 1193 2866; x_wconf 89' lang='lat' dir='ltr'>ed.</span> <span class='ocrx_word' id='word_1_303' title='bbox 1223 2816 1324 2879; x_wconf 67' lang='lat' dir='ltr'>By.</span> <span class='ocrx_word' id='word_1_304' title='bbox 1366 2816 1443 2879; x_wconf 79' lang='lat' dir='ltr'>Cf.</span> <span class='ocrx_word' id='word_1_305' title='bbox 1481 2813 1682 2867; x_wconf 81' lang='lat' dir='ltr'>‘Gaius&#39;</span> <span class='ocrx_word' id='word_1_306' title='bbox 1717 2832 1766 2880; x_wconf 82' lang='lat' dir='ltr'>p.</span> <span class='ocrx_word' id='word_1_307' title='bbox 1800 2827 1868 2867; x_wconf 82' lang='lat'>46.</span> <span class='ocrx_word' id='word_1_308' title='bbox 1908 2825 1959 2867; x_wconf 84' lang='lat' dir='ltr'>et</span> <span class='ocrx_word' id='word_1_309' title='bbox 1991 2815 2174 2865; x_wconf 85' lang='lat' dir='ltr'>Sched.</span> <span class='ocrx_word' id='word_1_310' title='bbox 2208 2818 2259 2865; x_wconf 83' lang='lat' dir='ltr'>in</span> <span class='ocrx_word' id='word_1_311' title='bbox 2284 2832 2326 2865; x_wconf 87' lang='grc' dir='ltr'>υ.</span> 
     </span>
     <span class='ocr_line' id='line_1_34' title="bbox 400 2880 2327 2951; baseline -0.002 -17"><span class='ocrx_word' id='word_1_312' title='bbox 400 2886 746 2935; x_wconf 84' lang='lat' dir='ltr'>damnationem</span> <span class='ocrx_word' id='word_1_313' title='bbox 768 2884 911 2946; x_wconf 80' lang='lat' dir='ltr'>infra</span> <span class='ocrx_word' id='word_1_314' title='bbox 933 2888 983 2934; x_wconf 81' lang='lat' dir='ltr'>in</span> <span class='ocrx_word' id='word_1_315' title='bbox 1004 2880 1095 2951; x_wconf 75' lang='grc'>33.</span> <span class='ocrx_word' id='word_1_316' title='bbox 1117 2894 1207 2935; x_wconf 84' lang='grc'><strong>205.</strong></span> <span class='ocrx_word' id='word_1_317' title='bbox 1228 2895 1321 2934; x_wconf 86' lang='grc'><strong>209.</strong></span> <span class='ocrx_word' id='word_1_318' title='bbox 1389 2882 1430 2948; x_wconf 82' lang='lat'>⁸)</span> <span class='ocrx_word' id='word_1_319' title='bbox 1459 2886 1630 2934; x_wconf 80' lang='lat' dir='ltr'>latinus</span> <span class='ocrx_word' id='word_1_320' title='bbox 1650 2885 1928 2948; x_wconf 86' lang='lat' dir='ltr'>adquisierit</span> <span class='ocrx_word' id='word_1_321' title='bbox 1953 2883 2008 2936; x_wconf 85' lang='lat'>0.</span> <span class='ocrx_word' id='word_1_322' title='bbox 2030 2883 2146 2933; x_wconf 88' lang='lat' dir='ltr'>edd.</span> <span class='ocrx_word' id='word_1_323' title='bbox 2175 2881 2327 2945; x_wconf 74' lang='lat' dir='ltr'>(¹&#39;aut’</span> 
     </span>
     <span class='ocr_line' id='line_1_35' title="bbox 398 2950 2333 3017; baseline 0 -16"><span class='ocrx_word' id='word_1_324' title='bbox 398 2954 574 3002; x_wconf 87' lang='lat' dir='ltr'>addito</span> <span class='ocrx_word' id='word_1_325' title='bbox 610 2954 691 3003; x_wconf 89' lang='lat' dir='ltr'>ed.</span> <span class='ocrx_word' id='word_1_326' title='bbox 734 2951 832 3017; x_wconf 67' lang='lat' dir='ltr'>By.</span> <span class='ocrx_word' id='word_1_327' title='bbox 869 2951 932 3016; x_wconf 84' lang='lat'>5.)</span> <span class='ocrx_word' id='word_1_328' title='bbox 968 2954 1161 3002; x_wconf 81' lang='lat' dir='ltr'>Latinus</span> <span class='ocrx_word' id='word_1_329' title='bbox 1197 2966 1303 3001; x_wconf 92' lang='lat' dir='ltr'>cum</span> <span class='ocrx_word' id='word_1_330' title='bbox 1340 2952 1605 3002; x_wconf 80' lang='lat' dir='ltr'>decesserit</span> <span class='ocrx_word' id='word_1_331' title='bbox 1632 2954 1712 3002; x_wconf 87' lang='lat' dir='ltr'>ed.</span> <span class='ocrx_word' id='word_1_332' title='bbox 1736 2968 1846 3003; x_wconf 86' lang='lat' dir='ltr'>mea</span> <span class='ocrx_word' id='word_1_333' title='bbox 1871 2965 1910 3004; x_wconf 90' lang='lat'>1.</span> <span class='ocrx_word' id='word_1_334' title='bbox 1960 2950 2067 3001; x_wconf 83' lang='lat' dir='ltr'>Sed</span> <span class='ocrx_word' id='word_1_335' title='bbox 2090 2967 2182 3001; x_wconf 86' lang='lat' dir='ltr'>nec</span> <span class='ocrx_word' id='word_1_336' title='bbox 2206 2951 2333 3001; x_wconf 86' lang='lat' dir='ltr'>haec</span> 
     </span>
     <span class='ocr_line' id='line_1_36' title="bbox 397 3017 2335 3085; baseline 0.001 -18"><span class='ocrx_word' id='word_1_337' title='bbox 397 3036 527 3069; x_wconf 81' lang='lat' dir='ltr'>nunc</span> <span class='ocrx_word' id='word_1_338' title='bbox 551 3021 672 3069; x_wconf 76' lang='lat' dir='ltr'>mihi</span> <span class='ocrx_word' id='word_1_339' title='bbox 690 3020 1034 3082; x_wconf 78' lang='lat' dir='ltr'>satisfaciunt,</span> <span class='ocrx_word' id='word_1_340' title='bbox 1067 3036 1158 3069; x_wconf 83' lang='lat' dir='ltr'>nec</span> <span class='ocrx_word' id='word_1_341' title='bbox 1184 3019 1301 3073; x_wconf 86' lang='lat' dir='ltr'>Sav.</span> <span class='ocrx_word' id='word_1_342' title='bbox 1328 3022 1400 3082; x_wconf 75' lang='lat' dir='ltr'>ej.</span> <span class='ocrx_word' id='word_1_343' title='bbox 1427 3022 1552 3070; x_wconf 84' lang='lat' dir='ltr'>uelut</span> <span class='ocrx_word' id='word_1_344' title='bbox 1577 3022 1615 3070; x_wconf 87' lang='lat' dir='ltr'>si</span> <span class='ocrx_word' id='word_1_345' title='bbox 1650 3017 1741 3085; x_wconf 79' lang='lat' dir='ltr'>(ex</span> <span class='ocrx_word' id='word_1_346' title='bbox 1768 3036 1829 3071; x_wconf 91' lang='lat' dir='ltr'>eo</span> <span class='ocrx_word' id='word_1_347' title='bbox 1856 3017 2011 3085; x_wconf 81' lang='lat' dir='ltr'>quod)</span> <span class='ocrx_word' id='word_1_348' title='bbox 2038 3021 2231 3069; x_wconf 69' lang='lat' dir='ltr'>Latinus</span> <span class='ocrx_word' id='word_1_349' title='bbox 2255 3022 2335 3069; x_wconf 84' lang='lat' dir='ltr'>vel</span> 
     </span>
    </p>
   </div>
   <div class='ocr_carea' id='block_1_5' title="bbox 399 3168 2335 3646">
    <p class='ocr_par' dir='ltr' id='par_1_5' title="bbox 399 3168 2335 3646">
     <span class='ocr_line' id='line_1_37' title="bbox 535 3168 2329 3241; baseline 0 -18"><span class='ocrx_word' id='word_1_350' title='bbox 535 3168 587 3237; x_wconf 79' lang='lat'>§.</span> <span class='ocrx_word' id='word_1_351' title='bbox 618 3173 731 3221; x_wconf 82' lang='lat'>152.</span> <span class='ocrx_word' id='word_1_352' title='bbox 753 3191 820 3211; x_wconf 92' lang='lat'><em>=</em></span> <span class='ocrx_word' id='word_1_353' title='bbox 845 3187 931 3235; x_wconf 83' lang='lat' dir='ltr'>pr.</span> <span class='ocrx_word' id='word_1_354' title='bbox 956 3172 1007 3220; x_wconf 92' lang='grc' dir='ltr'>Ι.</span> <span class='ocrx_word' id='word_1_355' title='bbox 1036 3172 1100 3221; x_wconf 91' lang='lat' dir='ltr'>de</span> <span class='ocrx_word' id='word_1_356' title='bbox 1124 3172 1233 3221; x_wconf 86' lang='lat' dir='ltr'>her.</span> <span class='ocrx_word' id='word_1_357' title='bbox 1263 3176 1396 3237; x_wconf 81' lang='lat' dir='ltr'>qual.</span> <span class='ocrx_word' id='word_1_358' title='bbox 1423 3182 1473 3222; x_wconf 89' lang='lat' dir='ltr'>et</span> <span class='ocrx_word' id='word_1_359' title='bbox 1498 3174 1610 3237; x_wconf 79' lang='lat' dir='ltr'>diff.</span> <span class='ocrx_word' id='word_1_360' title='bbox 1641 3170 1813 3236; x_wconf 89' lang='grc'><strong>(2,19).</strong></span> <span class='ocrx_word' id='word_1_361' title='bbox 1885 3171 2080 3241; x_wconf 66' lang='lat'>§.153</span> <span class='ocrx_word' id='word_1_362' title='bbox 2109 3195 2177 3215; x_wconf 88' lang='lat'>=</span> <span class='ocrx_word' id='word_1_363' title='bbox 2203 3169 2329 3239; x_wconf 72' lang='grc'>31.</span> 
     </span>
     <span class='ocr_line' id='line_1_38' title="bbox 399 3235 2335 3305; baseline 0.002 -18"><span class='ocrx_word' id='word_1_364' title='bbox 399 3238 450 3288; x_wconf 89' lang='lat' dir='ltr'>J.</span> <span class='ocrx_word' id='word_1_365' title='bbox 478 3239 543 3289; x_wconf 86' lang='lat' dir='ltr'>ib.</span> <span class='ocrx_word' id='word_1_366' title='bbox 647 3235 697 3305; x_wconf 66' lang='grc' dir='ltr'>ξ.</span> <span class='ocrx_word' id='word_1_367' title='bbox 726 3240 841 3289; x_wconf 85' lang='grc'><strong>154.</strong></span> <span class='ocrx_word' id='word_1_368' title='bbox 875 3259 943 3280; x_wconf 87' lang='lat'>=</span> <span class='ocrx_word' id='word_1_369' title='bbox 978 3236 1031 3301; x_wconf 78' lang='grc'>3.</span> <span class='ocrx_word' id='word_1_370' title='bbox 1059 3253 1097 3293; x_wconf 89' lang='grc'>1.</span> <span class='ocrx_word' id='word_1_371' title='bbox 1132 3240 1180 3289; x_wconf 92' lang='grc' dir='ltr'>Ι.</span> <span class='ocrx_word' id='word_1_372' title='bbox 1218 3241 1303 3290; x_wconf 83' lang='lat' dir='ltr'>eit.</span> <span class='ocrx_word' id='word_1_373' title='bbox 1337 3243 1593 3302; x_wconf 85' lang='lat' dir='ltr'>ignominia</span> <span class='ocrx_word' id='word_1_374' title='bbox 1631 3239 1750 3305; x_wconf 63' lang='lat' dir='ltr'>eta]</span> <span class='ocrx_word' id='word_1_375' title='bbox 1785 3242 1864 3303; x_wconf 80' lang='lat' dir='ltr'>Cf.</span> <span class='ocrx_word' id='word_1_376' title='bbox 1889 3243 1951 3291; x_wconf 90' lang='lat' dir='ltr'>L.</span> <span class='ocrx_word' id='word_1_377' title='bbox 1980 3253 2020 3293; x_wconf 85' lang='lat'>3.</span> <span class='ocrx_word' id='word_1_378' title='bbox 2066 3241 2154 3293; x_wconf 85' lang='lat' dir='ltr'>Th.</span> <span class='ocrx_word' id='word_1_379' title='bbox 2188 3241 2242 3291; x_wconf 79' lang='grc' dir='ltr'>Ο.</span> <span class='ocrx_word' id='word_1_380' title='bbox 2269 3243 2335 3291; x_wconf 89' lang='lat' dir='ltr'>de</span> 
     </span>
     <span class='ocr_line' id='line_1_39' title="bbox 399 3305 2332 3375; baseline 0.001 -20"><span class='ocrx_word' id='word_1_381' title='bbox 399 3306 546 3370; x_wconf 85' lang='lat' dir='ltr'>inoff.</span> <span class='ocrx_word' id='word_1_382' title='bbox 584 3313 699 3357; x_wconf 84' lang='lat' dir='ltr'>test.</span> <span class='ocrx_word' id='word_1_383' title='bbox 736 3305 799 3369; x_wconf 91' lang='grc'>(2,</span> <span class='ocrx_word' id='word_1_384' title='bbox 826 3306 913 3369; x_wconf 89' lang='grc'><strong>19).</strong></span> <span class='ocrx_word' id='word_1_385' title='bbox 951 3307 1093 3369; x_wconf 79' lang='lat' dir='ltr'>infra</span> <span class='ocrx_word' id='word_1_386' title='bbox 1116 3318 1160 3369; x_wconf 84' lang='lat'>3,</span> <span class='ocrx_word' id='word_1_387' title='bbox 1187 3318 1250 3357; x_wconf 92' lang='grc'>79.</span> <span class='ocrx_word' id='word_1_388' title='bbox 1291 3319 1331 3369; x_wconf 83' lang='grc'>4,</span> <span class='ocrx_word' id='word_1_389' title='bbox 1360 3318 1450 3358; x_wconf 86' lang='grc'><strong>102.</strong></span> <span class='ocrx_word' id='word_1_390' title='bbox 1489 3308 1609 3359; x_wconf 76' lang='lat' dir='ltr'>Lex</span> <span class='ocrx_word' id='word_1_391' title='bbox 1632 3309 1731 3363; x_wconf 79' lang='lat' dir='ltr'>lul,</span> <span class='ocrx_word' id='word_1_392' title='bbox 1758 3312 1934 3361; x_wconf 83' lang='lat' dir='ltr'>munic.</span> <span class='ocrx_word' id='word_1_393' title='bbox 1964 3328 2006 3365; x_wconf 86' lang='grc' dir='ltr'><strong>υ.</strong></span> <span class='ocrx_word' id='word_1_394' title='bbox 2031 3320 2106 3361; x_wconf 90' lang='grc'>117</span> <span class='ocrx_word' id='word_1_395' title='bbox 2129 3326 2240 3375; x_wconf 83' lang='lat' dir='ltr'>seq.</span> <span class='ocrx_word' id='word_1_396' title='bbox 2268 3311 2332 3359; x_wconf 90' lang='lat' dir='ltr'>L.</span> 
     </span>
     <span class='ocr_line' id='line_1_40' title="bbox 400 3373 2332 3443; baseline 0.001 -20"><span class='ocrx_word' id='word_1_397' title='bbox 400 3384 464 3428; x_wconf 81' lang='grc'>23.</span> <span class='ocrx_word' id='word_1_398' title='bbox 504 3374 569 3425; x_wconf 87' lang='lat' dir='ltr'>D.</span> <span class='ocrx_word' id='word_1_399' title='bbox 605 3390 736 3440; x_wconf 83' lang='lat' dir='ltr'>quae</span> <span class='ocrx_word' id='word_1_400' title='bbox 770 3376 823 3424; x_wconf 82' lang='lat' dir='ltr'>in</span> <span class='ocrx_word' id='word_1_401' title='bbox 852 3376 927 3436; x_wconf 77' lang='lat' dir='ltr'>fr.</span> <span class='ocrx_word' id='word_1_402' title='bbox 962 3377 1100 3426; x_wconf 87' lang='lat' dir='ltr'>cred.</span> <span class='ocrx_word' id='word_1_403' title='bbox 1141 3373 1229 3441; x_wconf 89' lang='grc'><strong>(42,</strong></span> <span class='ocrx_word' id='word_1_404' title='bbox 1256 3373 1325 3437; x_wconf 89' lang='grc'>8).</span> <span class='ocrx_word' id='word_1_405' title='bbox 1376 3374 1479 3430; x_wconf 85' lang='lat' dir='ltr'>Cic.</span> <span class='ocrx_word' id='word_1_406' title='bbox 1506 3392 1602 3439; x_wconf 83' lang='lat' dir='ltr'>pro</span> <span class='ocrx_word' id='word_1_407' title='bbox 1631 3375 1797 3437; x_wconf 79' lang='lat' dir='ltr'>Quint.</span> <span class='ocrx_word' id='word_1_408' title='bbox 1824 3387 1886 3429; x_wconf 86' lang='lat'>15.</span> <span class='ocrx_word' id='word_1_409' title='bbox 1915 3376 1968 3441; x_wconf 73' lang='grc'>3.</span> <span class='ocrx_word' id='word_1_410' title='bbox 1994 3389 2044 3428; x_wconf 86' lang='grc'>49</span> <span class='ocrx_word' id='word_1_411' title='bbox 2068 3394 2174 3443; x_wconf 84' lang='lat' dir='ltr'>seq.</span> <span class='ocrx_word' id='word_1_412' title='bbox 2202 3378 2266 3431; x_wconf 86' lang='lat' dir='ltr'>L.</span> <span class='ocrx_word' id='word_1_413' title='bbox 2290 3387 2332 3427; x_wconf 90' lang='grc'>8.</span> 
     </span>
     <span class='ocr_line' id='line_1_41' title="bbox 405 3438 2331 3511; baseline 0.003 -20"><span class='ocrx_word' id='word_1_414' title='bbox 405 3441 458 3491; x_wconf 81' lang='lat' dir='ltr'>C.</span> <span class='ocrx_word' id='word_1_415' title='bbox 484 3444 571 3507; x_wconf 82' lang='lat' dir='ltr'>qui</span> <span class='ocrx_word' id='word_1_416' title='bbox 593 3443 707 3495; x_wconf 86' lang='lat' dir='ltr'>bon.</span> <span class='ocrx_word' id='word_1_417' title='bbox 734 3443 846 3492; x_wconf 86' lang='lat' dir='ltr'>ced.</span> <span class='ocrx_word' id='word_1_418' title='bbox 874 3443 935 3505; x_wconf 91' lang='grc'>(7,</span> <span class='ocrx_word' id='word_1_419' title='bbox 963 3440 1052 3507; x_wconf 85' lang='grc'><strong>71).</strong></span> <span class='ocrx_word' id='word_1_420' title='bbox 1148 3440 1199 3510; x_wconf 68' lang='grc' dir='ltr'>ξ.</span> <span class='ocrx_word' id='word_1_421' title='bbox 1230 3445 1344 3493; x_wconf 88' lang='grc'><strong>155.</strong></span> <span class='ocrx_word' id='word_1_422' title='bbox 1371 3464 1438 3484; x_wconf 91' lang='lat'>=</span> <span class='ocrx_word' id='word_1_423' title='bbox 1464 3438 1578 3509; x_wconf 90' lang='grc'><strong>3.1.</strong></span> <span class='ocrx_word' id='word_1_424' title='bbox 1618 3443 1664 3494; x_wconf 91' lang='grc' dir='ltr'>Ι.</span> <span class='ocrx_word' id='word_1_425' title='bbox 1692 3446 1778 3494; x_wconf 84' lang='lat' dir='ltr'>cit.</span> <span class='ocrx_word' id='word_1_426' title='bbox 1814 3445 1895 3507; x_wconf 80' lang='lat' dir='ltr'>Cf.</span> <span class='ocrx_word' id='word_1_427' title='bbox 1923 3446 1986 3494; x_wconf 92' lang='lat' dir='ltr'>L.</span> <span class='ocrx_word' id='word_1_428' title='bbox 2014 3458 2052 3495; x_wconf 88' lang='lat'>1.</span> <span class='ocrx_word' id='word_1_429' title='bbox 2081 3441 2224 3511; x_wconf 89' lang='grc'><strong>3.18.</strong></span> <span class='ocrx_word' id='word_1_430' title='bbox 2263 3446 2331 3497; x_wconf 89' lang='lat' dir='ltr'>D.</span> 
     </span>
     <span class='ocr_line' id='line_1_42' title="bbox 403 3507 2332 3579; baseline 0.004 -23"><span class='ocrx_word' id='word_1_431' title='bbox 403 3510 466 3557; x_wconf 89' lang='lat' dir='ltr'>de</span> <span class='ocrx_word' id='word_1_432' title='bbox 489 3516 722 3572; x_wconf 83' lang='lat' dir='ltr'>separat.</span> <span class='ocrx_word' id='word_1_433' title='bbox 751 3507 838 3572; x_wconf 83' lang='grc'><strong>(42,</strong></span> <span class='ocrx_word' id='word_1_434' title='bbox 862 3509 926 3574; x_wconf 83' lang='grc'>6).</span> <span class='ocrx_word' id='word_1_435' title='bbox 965 3512 1038 3576; x_wconf 60' lang='lat' dir='ltr'>L,</span> <span class='ocrx_word' id='word_1_436' title='bbox 1055 3521 1093 3560; x_wconf 95' lang='grc'>7.</span> <span class='ocrx_word' id='word_1_437' title='bbox 1124 3509 1179 3573; x_wconf 73' lang='grc'>3.</span> <span class='ocrx_word' id='word_1_438' title='bbox 1204 3520 1245 3560; x_wconf 86' lang='grc'>5.</span> <span class='ocrx_word' id='word_1_439' title='bbox 1284 3511 1348 3560; x_wconf 91' lang='lat' dir='ltr'>D.</span> <span class='ocrx_word' id='word_1_440' title='bbox 1373 3513 1437 3560; x_wconf 90' lang='lat' dir='ltr'>de</span> <span class='ocrx_word' id='word_1_441' title='bbox 1459 3513 1637 3561; x_wconf 87' lang='lat' dir='ltr'>minor.</span> <span class='ocrx_word' id='word_1_442' title='bbox 1666 3513 1724 3574; x_wconf 86' lang='lat'>(4,</span> <span class='ocrx_word' id='word_1_443' title='bbox 1750 3511 1811 3574; x_wconf 83' lang='lat'>4).</span> <span class='ocrx_word' id='word_1_444' title='bbox 1849 3515 1989 3562; x_wconf 86' lang='lat' dir='ltr'>etiam</span> <span class='ocrx_word' id='word_1_445' title='bbox 2015 3510 2222 3579; x_wconf 89' lang='lat' dir='ltr'>saepius]</span> <span class='ocrx_word' id='word_1_446' title='bbox 2255 3513 2332 3575; x_wconf 79' lang='lat' dir='ltr'>Cf.</span> 
     </span>
     <span class='ocr_line' id='line_1_43' title="bbox 403 3573 2287 3646; baseline 0.006 -25"><span class='ocrx_word' id='word_1_447' title='bbox 403 3574 468 3621; x_wconf 91' lang='lat' dir='ltr'>L.</span> <span class='ocrx_word' id='word_1_448' title='bbox 494 3585 537 3623; x_wconf 85' lang='lat'>6.</span> <span class='ocrx_word' id='word_1_449' title='bbox 565 3586 602 3625; x_wconf 87' lang='grc'><strong>7.</strong></span> <span class='ocrx_word' id='word_1_450' title='bbox 647 3577 711 3626; x_wconf 89' lang='lat' dir='ltr'>D.</span> <span class='ocrx_word' id='word_1_451' title='bbox 741 3580 805 3627; x_wconf 90' lang='lat' dir='ltr'>de</span> <span class='ocrx_word' id='word_1_452' title='bbox 831 3591 958 3627; x_wconf 88' lang='lat' dir='ltr'>cess.</span> <span class='ocrx_word' id='word_1_453' title='bbox 984 3578 1096 3628; x_wconf 85' lang='lat' dir='ltr'>bon.</span> <span class='ocrx_word' id='word_1_454' title='bbox 1124 3576 1212 3640; x_wconf 89' lang='grc'><strong>(42,</strong></span> <span class='ocrx_word' id='word_1_455' title='bbox 1236 3573 1300 3641; x_wconf 82' lang='lat'>3).</span> <span class='ocrx_word' id='word_1_456' title='bbox 1342 3578 1405 3632; x_wconf 87' lang='lat' dir='ltr'>L.</span> <span class='ocrx_word' id='word_1_457' title='bbox 1431 3589 1469 3628; x_wconf 78' lang='grc'><strong>3.</strong></span> <span class='ocrx_word' id='word_1_458' title='bbox 1513 3578 1568 3631; x_wconf 80' lang='lat'>0.</span> <span class='ocrx_word' id='word_1_459' title='bbox 1595 3581 1657 3628; x_wconf 88' lang='lat' dir='ltr'>de</span> <span class='ocrx_word' id='word_1_460' title='bbox 1683 3580 1797 3634; x_wconf 86' lang='lat' dir='ltr'>bon.</span> <span class='ocrx_word' id='word_1_461' title='bbox 1821 3589 1950 3634; x_wconf 81' lang='lat' dir='ltr'>auct.</span> <span class='ocrx_word' id='word_1_462' title='bbox 1977 3582 2080 3629; x_wconf 82' lang='lat' dir='ltr'>iud.</span> <span class='ocrx_word' id='word_1_463' title='bbox 2108 3579 2169 3644; x_wconf 85' lang='grc'>(7,</span> <span class='ocrx_word' id='word_1_464' title='bbox 2196 3577 2287 3646; x_wconf 81' lang='grc'><strong>72).</strong></span> 
     </span>
    </p>
   </div>
  </div>
 </body>
</html>
