2546 3928
203 1635 317 1684 142.

338 216 463 273 140
917 230 1031 264 Gan
1067 231 1253 264 tns‘nr.
1295 217 1378 266 111
1433 217 1669 266 58—63.

337 349 486 412 tum¹
522 355 768 411 differant
799 371 868 411 ea
901 356 1037 426 iura,
1082 372 1220 427 quae
1251 357 1306 409 in
1336 353 1492 409 bonis
1523 355 1833 409 Latinorum
1865 369 1932 409 ex
1964 354 2088 428 lege
2119 355 2277 411 lunia

331 442 631 496 constituta
659 447 808 509 sunt,
850 437 913 494 ab
944 439 1049 509 lris,
1093 455 1230 512 quae
1262 440 1317 494 in
1349 438 1650 494 hereditate
1681 439 1879 494 ciuium
1903 436 2277 494 Romanorum

336 523 655 581 libertorum
687 523 1064 579 obseruautur.
1151 519 1252 580 58.
1298 523 1425 578 Nam
1469 524 1603 578 ciuis
1634 522 1856 577 Romani
1897 521 2082 578 liberti
2111 523 2280 579 here·

335 610 476 665 ditas
518 608 584 663 ad
624 616 912 664 extraneos
955 606 1182 663 heredes
1224 608 1441 680 patroni
1484 607 1634 662 nullo
1678 605 1839 662 modo
1881 608 2155 680 pertinet;
2207 607 2274 661 ad

337 692 504 749 filium
536 700 715 749 autem
746 693 963 765 patroni
1005 701 1345 764 nepotesque
1390 706 1453 745 ex
1486 689 1598 746 filio
1629 700 1684 747 et
1713 698 2049 764 pronepotes
2081 708 2142 746 ex
2175 708 2278 747 ne-

335 786 465 852 pote
507 777 654 850 (filio
694 775 864 851 nato)
911 785 1216 849 proynatos
1255 773 1568 831 omnimodo
1612 776 1878 849 pertinet,
1935 776 2145 831 etiamsi
2191 774 2275 849 (α)

335 871 560 936 parente
606 861 807 917 suerint
851 859 1190 929 exheredati3
1233 859 1545 914 Latinorum
1591 868 1770 915 autem
1812 857 1953 914 bona
1996 867 2275 933 tamquam

336 947 546 1019 peculia
577 961 862 1001 seruorum
904 945 1061 999 etiam
1094 944 1159 999 ad
1191 952 1481 1000 extraneos
1523 942 1749 998 heredes
1780 944 2077 1015 pertinent,
2120 951 2177 999 et
2207 944 2277 998 ad

332 1031 535 1086 liberos
578 1030 982 1084 manumissoris
1023 1028 1378 1084 exheredatos
1420 1043 1531 1083 non
1570 1028 1865 1100 pertinent.
1971 1022 2071 1084 59.
2134 1028 2274 1084 Item

336 1115 468 1169 ciuis
495 1113 716 1169 Romani
745 1112 937 1168 liberti
964 1112 1235 1168 hereditas
1258 1111 1323 1166 ad
1349 1110 1486 1166 duos
1512 1110 1767 1183 pluresue
1789 1119 2052 1184 patronos
2075 1129 2278 1186 aequa-

335 1197 461 1253 liter
500 1198 760 1270 pertinet,
804 1196 930 1251 licet
974 1195 1158 1269 dispar
1196 1198 1250 1251 in
1296 1212 1361 1251 eo
1405 1212 1568 1250 seruo
1612 1195 1907 1250 dominium
1949 1195 2274 1266 habuerint3

337 1278 476 1337 bona
519 1297 650 1337 uero
694 1281 1009 1336 Latinorum
1051 1297 1148 1354 pro
1192 1297 1251 1336 ea
1294 1288 1449 1352 parte
1484 1280 1780 1352 pertinent,
1825 1296 1925 1353 pro
1969 1297 2077 1353 qua
2116 1289 2276 1354 parte

338 1367 567 1439 quisque
612 1382 800 1422 eorum
841 1365 1091 1421 dominus
1134 1364 1319 1425 fuerit.
1408 1359 1512 1421 60.
1556 1363 1687 1419 Item
1718 1364 1773 1418 in
1805 1364 2103 1421 hereditate
2133 1364 2274 1420 ciuis

337 1449 562 1506 Romani
615 1450 795 1506 liberti
847 1457 1109 1523 patronus
1162 1449 1387 1509 alterius
1439 1449 1654 1522 patroni
1695 1445 1865 1503 filium
1906 1447 2162 1519 excludit,
2219 1457 2276 1505 et

336 1533 480 1590 filius
522 1536 737 1608 patroni
780 1534 1004 1590 alterius
1046 1534 1259 1607 patroni
1303 1542 1555 1606 nepotem
1600 1531 1847 1605 repellit:
1907 1532 2049 1588 bona
2093 1542 2276 1589 autem

336 1613 665 1697 La{tinorum
698 1628 751 1675 et
784 1620 844 1674 ad
876 1620 1052 1692 ipsum
1085 1626 1376 1691 patronum
1407 1627 1460 1673 et
1492 1617 1556 1672 ad
1588 1616 1810 1672 alterius
1854 1617 2069 1688 patroni
2114 1617 2274 1673 here-

336 1704 455 1759 dem
503 1703 663 1759 simul
706 1705 1000 1775 pertinent,
1047 1718 1145 1774 pro
1191 1719 1299 1774 qua
1329 1709 1484 1774 parte
1514 1701 1578 1757 ad
1610 1702 1786 1774 ipsum
1819 1702 2271 1757 manumissorem
2294 1709 2429 1768 [223]

334 1789 688 1860 pertinerent.
777 1781 865 1842 61.
915 1785 1044 1840 item
1086 1787 1130 1840 si
1172 1787 1331 1839 unius
1373 1788 1588 1857 patroni
1632 1795 1741 1841 tres
1773 1784 1916 1840 forte
1959 1785 2115 1840 liberi
2144 1794 2277 1840 sunt

335 1879 389 1926 et
420 1869 640 1925 alterius
673 1885 834 1937 unuS,
878 1869 1148 1923 hereditas
1191 1870 1325 1923 ciuis
1356 1867 1580 1925 Romani
1624 1869 1803 1926 liberti
1843 1871 1895 1924 in
1929 1870 2107 1941 capita
2136 1869 2279 1925 diui-

334 1954 502 2026 ditur,
534 1953 587 2010 id
621 1962 701 2010 est
735 1961 847 2010 tres
878 1952 1073 2010 fratres
1101 1962 1209 2009 tres
1232 1952 1516 2026 portiones
1539 1954 1721 2010 ferunt
1745 1962 1800 2010 et
1825 1971 1964 2010 unus
1991 1962 2277 2027 quartam3

335 2040 472 2096 bona
521 2056 650 2095 uero
695 2039 1008 2095 Latinorum
1051 2055 1150 2112 pro
1196 2055 1256 2093 ea
1298 2046 1451 2111 parte
1493 2038 1558 2094 ad
1596 2055 1942 2095 successores
1973 2039 2278 2111 pertinent,

334 2143 433 2199 pro
465 2141 570 2198 qua
600 2133 752 2198 parte
784 2125 848 2180 ad
877 2126 1053 2198 ipsum
1084 2124 1529 2179 manumissorem
1562 2125 1915 2196 pertinerent.
2004 2118 2103 2180 62.
2139 2124 2277 2179 Item

333 2211 381 2264 si
413 2209 551 2263 alter
581 2225 644 2263 ex
676 2210 740 2263 iis
772 2210 1015 2281 patronis
1048 2224 1198 2263 suam
1230 2215 1441 2280 partem
1471 2208 1526 2262 in
1556 2206 1857 2262 hereditate
1888 2208 2022 2263 ciuis
2044 2206 2279 2264 Romani

335 2291 512 2347 liberti
555 2300 798 2364 spernat,
842 2292 928 2347 uel
961 2299 1084 2346 ante
1116 2292 1383 2346 moriatur
1413 2308 1570 2364 quam
1600 2299 1807 2363 cernat,
1850 2300 1967 2347 tota
1999 2292 2279 2348 hereditas

335 2374 399 2430 ad
433 2374 663 2430 alterum
695 2377 963 2448 pertinet3
994 2375 1138 2430 bona
1168 2383 1350 2431 autem
1375 2375 1548 2430 Latini
1578 2392 1680 2449 pro
1712 2384 1867 2449 parte
1899 2376 2232 2449 ’deficientis
2253 2371 2281 2409 ²

335 2460 551 2534 patroni
584 2459 784 2516 caduca
816 2458 951 2516 liunt
983 2468 1036 2515 et
1067 2460 1131 2515 ad
1164 2460 1426 2534 populum
1457 2462 1751 2534 pertinent.

461 2541 561 2603 63.
607 2544 799 2601 Postea
832 2544 984 2619 Lupo
1013 2553 1069 2601 et
1100 2545 1278 2619 Largo
1323 2544 1636 2601 consulibus
1680 2552 1900 2600 senatus
1932 2546 2162 2615 censuit,
2205 2554 2277 2602 ut

335 2630 473 2684 bona
492 2629 802 2685 Latinorum
827 2633 1054 2704 primum
1078 2630 1141 2685 ad
1173 2647 1296 2685 eum
1320 2631 1675 2702 pertinerent,
1709 2631 1800 2702 qui
1830 2645 1925 2685 eos
1951 2629 2269 2703 liberasset3

337 2711 529 2768 deinde
562 2713 624 2768 ad
657 2713 857 2770 liberos
891 2732 1079 2770 eorum
1110 2731 1220 2770 non
1251 2715 1567 2770 nominatim
1601 2714 1977 2786 exheredatos,
2014 2716 2094 2770 uti
2123 2716 2276 2787 quis·

338 2898 472 2945 tium.
523 2897 660 2961 quod
682 2897 836 2959 igitur
859 2896 1020 2956 ipsius
1042 2897 1170 2944 iuris
1189 2897 1381 2958 peculii
1406 2911 1561 2943 eausa
1585 2901 1661 2945 est
1687 2903 1737 2945 et
1761 2911 1873 2945 esse
1898 2896 2064 2958 debet,
2090 2902 2145 2944 ut
2167 2911 2277 2944 ma-

335 2965 585 3012 numissor
618 2964 748 3013 bona
774 2964 954 3012 Latini
983 2962 1244 3012 vindicare
1276 2965 1441 3025 possit
1480 2962 1557 3023 Cf.
1580 2974 1623 3026 2,
1653 2974 1741 3013 195.
1773 2974 1861 3013 196.
1890 2976 1927 3019 1,
1957 2973 2046 3012 167.
2071 2961 2167 3012 32¹³.

338 3027 379 3087 ¹)
418 3028 505 3078 Sic
548 3047 676 3079 nunc
719 3032 791 3078 ad
834 3031 886 3078 0.
929 3032 1143 3095 vestigia
1184 3031 1390 3092 scripsi.
1441 3029 1614 3079 ‘Unde
1647 3033 1816 3079 euenit
1847 3038 1901 3079 ut
1935 3032 2155 3080 multum’
2200 3046 2275 3081 ea:

342 3096 551 3149 Goesch.
578 3099 647 3159 ej.
677 3099 755 3148 ed.
787 3113 896 3147 mea
922 3106 960 3150 1.
1030 3096 1074 3162 ²)
1112 3097 1205 3146 Ex
1233 3098 1446 3150 Goesclz.
1471 3099 1542 3160 ej.
1579 3099 1856 3148 decedentis
1881 3097 1940 3148 G.
1969 3099 2086 3147 edd.

471 3246 522 3316 ξ.
548 3251 629 3299 58.
669 3248 748 3311 Cf.
787 3247 885 3311 §S-
908 3258 1109 3298 45—48.
1145 3259 1187 3311 2,
1213 3258 1303 3297 155.
1344 3249 1409 3301 L.
1442 3259 1467 3297 9
1501 3265 1584 3312 pr.
1625 3249 1685 3299 D.
1713 3250 1777 3298 de
1812 3250 1921 3299 iure
1943 3255 2148 3313 patron.
2179 3248 2272 3312 (3⁷,

336 3315 423 3381 14),
497 3314 548 3384 §-
574 3319 658 3370 59.
701 3316 779 3379 Cf.
807 3317 868 3368 L.
894 3325 937 3367 4.
965 3314 1019 3379 S.
1045 3327 1107 3371 19.
1148 3316 1201 3365 0.
1228 3319 1293 3366 de
1328 3317 1441 3365 bon.
1475 3317 1559 3365 lib.
1587 3315 1648 3380 (e,
1669 3315 1730 3378 4).
1770 3318 1834 3370 L.
1860 3326 1927 3365 34.
1968 3317 2032 3370 D.
2063 3319 2127 3366 de
2152 3317 2271 3369 bon.

336 3387 420 3434 lib.
448 3383 536 3450 (38,
564 3384 630 3448 2).
704 3381 757 3450 ξ.
782 3386 863 3433 60.
905 3383 985 3444 Of.
1018 3383 1136 3447 Ulp.
1161 3394 1229 3445 27,
1256 3396 1298 3432 2.
1325 3394 1364 3433 3.
1405 3383 1554 3434 Paul.
1581 3394 1622 3444 3,
1648 3395 1692 3433 2.
1719 3382 1772 3446 S.
1801 3396 1839 3433 1.
1870 3385 1934 3437 L.
1958 3395 1998 3433 4.
2028 3382 2083 3447 8.
2107 3394 2174 3434 19.
2213 3384 2275 3435 0.

335 3457 421 3504 cit.
450 3451 504 3515 8.
529 3465 570 3506 3.
612 3454 657 3503 I.
686 3456 750 3502 de
773 3467 908 3501 succ.
936 3451 1018 3500 lib.
1047 3451 1109 3511 (s,
1139 3449 1201 3513 τ).
1296 3447 1346 3516 §.
1372 3452 1453 3500 61.
1495 3450 1573 3513 Cf.
1604 3451 1716 3515 Ulp.
1741 3461 1808 3514 27,
1836 3462 1877 3499 4.
1915 3449 1951 3514 S
1993 3463 2034 3506 3.
2054 3452 2102 3502 Ι.
2133 3451 2198 3499 L.
2224 3463 2272 3505 4.

337 3515 391 3577 S.
415 3529 480 3570 19.
507 3519 562 3569 C.
590 3523 674 3569 cit.
747 3516 797 3584 ξ.
824 3522 906 3569 62.
937 3519 1013 3578 Of.
1040 3520 1188 3568 Paul.
1213 3530 1254 3581 3,
1283 3528 1322 3567 2.
1350 3517 1403 3581 S.
1427 3529 1467 3568 9..
1499 3543 1559 3552 —
1583 3533 1743 3582 supra
1766 3529 1807 3581 2,
1837 3528 1924 3571 188.
1951 3528 2039 3572 150.
2110 3515 2161 3585 ξ.
2185 3520 2272 3569 63.

341 3582 419 3639 Cf.
444 3581 497 3643 8.
522 3595 562 3633 4.
602 3586 650 3638 I.
679 3588 742 3635 de
766 3602 896 3637 succ.
927 3587 1008 3637 lib.
1040 3584 1101 3653 (3,
1128 3586 1192 3648 7).
1233 3581 1408 3651 Largo]
1438 3602 1485 3636 a.
1513 3597 1563 3635 42
1590 3583 1678 3651 (ἲ).
