2546 3928
102 1462 203 1518 325]

651 1110 1077 1171 RELIQVA
1133 1110 1732 1163 FRAGMENTA.

743 1285 823 1323 Ex
857 1284 1061 1324 LIBRIS
1094 1284 1177 1322 AD
1207 1286 1300 1324 XII
1334 1285 1634 1326 TABVLAS.

315 1449 363 1507 1.
419 1441 627 1519 Ταῖος
674 1437 705 1505 ὁ
765 1445 1142 1529 νομογροὲφος

222 1529 368 1630 μετὰ
425 1529 535 1609 τὴν
580 1540 701 1592 τῶν
755 1532 1142 1611 κυαιστώρων

221 1608 334 1694 τὴν
357 1608 755 1692 δεκανόρικὴν
785 1612 982 1694 ἀρχὴν
1000 1614 1141 1677 ανα-

222 1700 405 1804 φέρει,
422 1699 641 1781 ῥήμασι
655 1699 807 1781 πρὸς
823 1700 1140 1798 ἑρμηνείαν

223 1784 470 1857 τούτοις
544 1790 764 1865 πολλῆς
810 1785 875 1846 δὲ
916 1781 1135 1866 συγχύ-

222 1891 366 1941 σεως
421 1894 542 1931 των
609 1870 839 1948 νόμων,
899 1864 997 1928 οἷα
1052 1868 1135 1947 μὴ

222 1956 521 2053 γράμμασι
564 1955 956 2032 τεθειμένων,
1014 1964 1136 2030 τοῖς

222 2038 526 2118 πράγμασι
570 2039 879 2119 γινομένης
922 2039 985 2100 ἐκ
1032 2052 1136 2120 τῆς

224 2135 350 2185 τῶν
366 2119 667 2202 ἀρχόντων
691 2123 791 2183 καὶ
815 2137 921 2188 τοῦ
946 2122 1136 2203 δήμου

227 2210 538 2285 διαφορᾶς,
555 2203 799 2284 δόγματι
822 2233 1003 2272 κοινω
1032 2214 1136 2289 τῆς

224 2295 450 2371 βουλῆς
476 2293 576 2353 καὶ
598 2315 701 2352 του
678 2289 909 2370 δήμου
923 2317 1137 2367 παντες

223 2376 332 2454 μὲν
356 2380 422 2439 οἱ
434 2399 714 2460 αρχοντες
741 2376 1133 2478 ἐκινήθησαν,

219 2462 366 2524 δέκα
399 2463 461 2525 δὲ
489 2464 695 2539 μόνοις
738 2457 987 2543 ἆνὸρασι
1026 2463 1135 2541 τὴν

222 2549 515 2625 φροντίδα
545 2548 647 2622 τῆς
670 2549 968 2618 πολιτείας
993 2571 1136 2627 παρ·

224 2631 453 2693 έδοσαν.
502 2624 670 2691 αὐτοι
705 2629 766 2689 δὲ
805 2632 1135 2692 στέλλουσιν

1334 1454 1513 1509 Gaius
1553 1459 1997 1512 iurisconsultus
2022 1467 2156 1527 post

1244 1548 1615 1609 quaestorum
1657 1544 2055 1613 maqistratum
2086 1543 2156 1597 de

1242 1624 1612 1679 decemvirali
1678 1625 1864 1680 verbis
1929 1625 2156 1681 Graece

1245 1711 1426 1763 versis
1450 1711 1708 1785 explicat
1731 1710 1889 1764 hisce
1903 1734 1918 1762 .·
1936 1709 2154 1782 Maqna

1244 1799 1432 1847 autem
1522 1793 1864 1865 confusione
1947 1796 2153 1867 lequm‚

1241 1880 1454 1948 quippe
1510 1892 1662 1949 quae
1717 1880 1977 1948 scriptae
2040 1897 2152 1935 non

1242 1969 1460 2032 essent,
1504 1966 1563 2018 in
1593 1978 1719 2032 rep.
1754 1979 1831 2018 ex
1860 1964 2152 2019 discordia

1239 2049 1676 2118 maqistratuum
1719 2047 2017 2119 plebisque
2058 2064 2151 2103 co-

1240 2133 1689 2200 orta‚communi
1707 2138 1948 2187 senatus
1967 2148 2150 2201 popu—

1238 2217 1394 2286 lique
1426 2217 1715 2271 voluntate
1747 2231 1940 2275 omnes
1975 2221 2150 2288 maqz'-

1241 2305 1467 2354 stratus
1482 2300 1695 2355 sublati
1716 2316 1788 2354 ac
1804 2302 1999 2355 decem
2023 2307 2168 2355 tam·

1242 2389 1357 2447 tum
1380 2387 1520 2439 viris
1545 2401 1693 2439 cura
1717 2387 1856 2454 reip.
1876 2387 2150 2440 mandata

1241 2474 1346 2524 est.
1393 2471 1507 2538 ipsi
1529 2484 1681 2536 vero,
1716 2475 1856 2524 teste
1886 2469 2149 2539 historia,

1242 2552 1498 2606 Athenas
1583 2555 1806 2608 mittunt
1879 2552 2150 2622 Spurium

1246 2635 1612 2706 Postumium,
1633 2637 1839 2692 Aulum
1863 2636 2149 2692 Mai-cium

326 2888 363 2941 ¹)
403 2889 483 2936 De
510 2889 616 2948 fide
641 2886 784 2937 huius
808 2890 907 2937 loci
932 2888 1117 2938 Gaiani
1148 2905 1245 2937 non
1272 2896 1472 2939 constat
1505 2891 1639 2937 inter
1664 2890 1844 2937 doctos
1868 2889 2020 2940 viros.
2063 2889 2142 2950 Cf.

221 2955 446 3007 Dirksen
478 2957 528 3004 V
528 2972 648 3007 erm
680 2956 828 3006 θοὴν.
855 2972 903 3018 p
916 2966 965 3005 56
984 2972 1089 3021 seq
1131 2958 1263 3005 Milzi
1289 2959 1485 3020 quidem
1508 2971 1807 3018 persuasum
1830 2962 1921 3017 est,
1951 2956 2149 3020 Lydum

218 3023 349 3073 hunc
372 3028 529 3073 locum
564 3040 663 3073 non
688 3025 884 3089 quidem
916 3031 970 3072 ut
993 3027 1206 3073 alterum
1240 3025 1304 3072 de
1340 3023 1690 3088 quaestoribus
1718 3021 1792 3084 (1,
1817 3020 1915 3086 26),
1952 3025 2016 3072 de
2051 3041 2148 3089 quo

216 3093 318 3140 iam
341 3107 480 3141 nemo
514 3091 737 3154 dubitat,
774 3106 955 3141 errore
988 3099 1179 3141 tantum
1208 3091 1335 3141 Gaio
1370 3092 1606 3140 tribuisse
1631 3098 1683 3140 et
1714 3105 1898 3140 revera
1929 3092 2044 3141 item
2079 3107 2148 3141 ea:

221 3158 282 3207 L
311 3169 351 3207 2.
397 3158 460 3210 D
502 3159 565 3206 de
599 3161 725 3224 oriq.
755 3162 834 3207 iur-
894 3159 955 3220 (1,
978 3157 1025 3222 2)
1061 3162 1328 3214 sumsisse‚·
1361 3163 1514 3222 plura
1551 3161 1677 3208 enim
1703 3167 1754 3208 et
1777 3161 1881 3208 alia
1905 3161 2145 3217 continet,

219 3242 366 3289 quam
389 3227 699 3289 Pomponius
721 3227 791 3276 ibi
817 3222 1040 3292 §Seu-1.
1068 3238 1148 3277 24.
1165 3227 1354 3282 tradit,-
1389 3228 1485 3276 sed
1505 3242 1599 3275 nec
1623 3228 1693 3275 ad
1714 3226 1912 3276 verbum
1937 3243 2007 3275 eoe
2035 3227 2149 3276 Gaii

218 3295 362 3343 libris
404 3296 474 3342 ad
512 3307 590 3344 111
620 3296 721 3343 tab.
762 3296 1110 3356 transtulisse,
1153 3299 1296 3344 immo
1328 3294 1558 3355 fortasse
1593 3294 1684 3342 hos
1718 3295 1860 3356 ipsos
1895 3293 2051 3343 libros
2086 3310 2148 3342 ne

218 3364 412 3426 quidem
444 3363 657 3416 vidisse,-
702 3368 871 3413 insunt
904 3368 1033 3411 enim
1077 3364 1338 3425 complura
1382 3377 1512 3426 quae
1551 3362 1706 3410 Gaius
1750 3361 1845 3409 Izoc
1879 3362 2024 3410 modo
2059 3363 2149 3410 vix

214 3432 425 3481 dimerit.
498 3430 675 3478 Potest
721 3433 897 3491 etiam,
947 3438 1003 3479 ut
1046 3447 1117 3480 ex
1154 3430 1282 3481 Gaio
1329 3436 1519 3478 tantum
1563 3430 1745 3491 priora
1790 3443 1945 3490 usque
1993 3430 2065 3476 ad
2098 3445 2142 3476 υ.

214 3492 545 3561 παρέδοσαν
577 3497 825 3559 fluxerint
842 3535 856 3560 ,
887 3514 1015 3562 quae
1039 3505 1340 3562 sequuntur,
1369 3514 1439 3546 eoe
1463 3499 1579 3546 aliis
1604 3496 1848 3546 historiae
1873 3497 2144 3556 ser-›fitori-

213 3566 305 3613 bus
328 3571 539 3612 consuta
562 3565 679 3613 sint.

316 3653 477 3694 GAIVS.

1677 3650 1738 3696 16
