2546 3928
10 64 263 155 kfssffffl

790 174 907 207 GAn
953 174 1155 208 msa-1⁶1¹.
1195 161 1262 208 ΙΙ.
1302 162 1534 210 56-61.
2056 162 2129 217 79

196 308 306 353 tam
351 297 578 369 inproba
614 299 884 370 possessio
918 306 973 352 et
1005 300 1261 370 usucapio
1296 315 1548 353 concessa
1582 302 1671 370 sit,
1715 301 1804 355 illa
1847 304 1985 356 ratio
2028 312 2131 369 est,

196 380 347 453 quod
382 380 674 436 uoluerunt
718 391 932 437 ueteres
974 383 1235 437 maturius
1268 383 1596 438 hereditates
1629 383 1781 453 adiri,
1827 392 1885 439 ut
1928 397 2129 454 essent,

199 467 295 537 qui
327 482 475 521 sacra
505 464 765 536 facerent,
810 482 1039 538 quorum
1072 465 1176 521 illis
1211 467 1545 539 temporibus
1582 485 1786 522 summa
1820 468 2130 525 obseruatio

197 550 324 619 suit,
367 557 420 604 et
463 558 523 605 ut
565 549 862 605 creditores
907 549 1186 621 haberent,
1232 568 1257 605 a
1292 568 1400 624 quo
1445 569 1601 606 suum
1645 561 2127 624 consequerentur.

195 629 294 689 56.
346 633 485 689 Haec
524 642 703 689 autem
734 636 941 709 species
985 636 1351 707 possessionis
1396 644 1448 690 et
1480 638 1821 709 usucapionis
1861 637 2022 691 etiam
2054 637 2132 691 lu·

198 720 406 773 cratiua
449 727 702 773 uocatur:
760 734 880 773 nam
923 720 1098 774 sciens
1139 721 1370 791 quisque
1413 737 1525 774 rem
1581 719 1805 775 alienam
1848 720 2131 776 lucrifacit.

194 797 287 858 5¹7.
336 800 437 856 Sed
471 803 573 858 hoc
605 812 849 875 tempore
878 796 1029 857 ’iam¹
1079 820 1187 858 non
1220 813 1305 858 est
1336 803 1627 859 lucratiua:
1673 821 1793 859 nam
1826 821 1889 859 ex
1929 805 2132 861 'aucto-

197 889 358 941 ritate
400 880 553 942 diui²
610 887 862 942 Hadriani
915 888 1450 943 senatusconsultum
1495 888 1696 943 sactum
1740 898 1843 959 est,
1899 898 1957 942 ut
2001 890 2131 944 tales

200 971 556 1043 usucapiones
588 980 1001 1033 reuocarentur;
1036 980 1090 1026 et
1121 971 1244 1027 ideo
1277 981 1462 1046 potest
1495 974 1652 1028 heres
1683 972 1745 1027 ab
1779 990 1865 1043 ec,
1899 975 1991 1046 qui
2021 991 2132 1029 rein

203 1056 468 1131 usucepit,
513 1055 865 1111 hereditatem
908 1056 1143 1128 petendo
1176 1057 1399 1129 perinde
1432 1074 1546 1113 eam
1577 1074 1690 1112 rem
1723 1056 2006 1130 consequi,
2055 1066 2134 1112 at-

199 1156 309 1211 que
338 1140 383 1192 si
415 1148 671 1212 usucapta
704 1157 812 1196 non
837 1150 1000 1196 esset.
1088 1137 1185 1195 58.
1231 1139 1297 1196 Et
1336 1139 1344 1213 Ι
1384 1143 1687 1198 necessario
1722 1150 1897 1197 tamen
1930 1143 2127 1198 herede
2148 1158 2231 1206 68.

199 1231 417 1278 extante
437 1226 556 1295 ipso
581 1225 697 1279 iure
729 1241 828 1297 pro
856 1224 1051 1279 herede
1076 1227 1300 1298 usucapi
1320 1235 1518 1298 potest.
1609 1221 1705 1284 59.
1756 1227 1947 1282 Adhuc
1973 1229 2129 1282 etiam

199 1324 266 1361 ex
310 1305 425 1362 aliis
469 1310 640 1364 causis
674 1311 851 1363 sciens
895 1310 1124 1381 quisque
1157 1326 1266 1364 rem
1300 1310 1523 1365 alienam
1555 1312 1831 1382 usucapit:
1878 1326 1998 1364 nam
2042 1312 2131 1382 qui

197 1408 315 1446 rem
355 1392 511 1447 alicui
542 1390 764 1447 fiduciae
796 1408 956 1447 causa
988 1394 1252 1464 mancipio
1297 1392 1509 1448 dederit
1539 1393 1625 1448 uel
1657 1396 1708 1447 in
1741 1395 1857 1447 iure
1889 1396 2132 1465 cesserit,

195 1476 243 1530 si
291 1475 512 1530 eandem
566 1478 682 1548 ipse
733 1475 1061 1547 possederit,
1112 1483 1295 1548 potest
1342 1492 1657 1549 usucapere,
1711 1493 1849 1531 anno
1905 1477 2132 1548 scilicet,

194 1558 419 1631 (eliam)
475 1559 575 1613 soli
617 1560 663 1613 si
705 1559 793 1613 sit.
870 1574 1005 1630 quae
1058 1560 1266 1630 species
1324 1546 1666 1631 usucapionis
1710 1559 1907 1615 dicitur
1948 1577 2135 1615 usure-

45 1652 165 1720 [159]
189 1644 407 1715 cepti0,
454 1644 577 1714 quia
607 1642 682 1711 id,
728 1642 873 1714 quod
905 1642 1192 1714 aliquando
1227 1642 1530 1714 habuimuS,
1562 1646 1848 1715 recipimus
1880 1661 1978 1717 per
2010 1661 2135 1699 usu-

190 1728 500 1800 capionem.
593 1721 696 1783 60.
744 1726 849 1781 Sed
892 1742 1012 1781 cuin
1044 1725 1234 1782 fiducia
1281 1722 1697 1783 'contrahatur3
1741 1738 1831 1782 aut
1869 1746 1990 1784 cum
2022 1747 2134 1785 cre-

194 1813 377 1867 ditore
408 1812 652 1884 pignoris
685 1812 821 1879 iure,
866 1820 958 1866 aut
989 1828 1108 1866 cum
1142 1815 1332 1884 amico,
1368 1806 1552 1884 quod⁴
1597 1815 1764 1869 tutius
1796 1823 2015 1870 nostrae
2047 1831 2131 1869 res

197 1904 333 1970 aput
364 1910 488 1949 eum
532 1904 732 1964 essent,
793 1897 838 1950 si
879 1895 1094 1969 quidem
1137 1913 1257 1952 cum
1299 1896 1469 1952 amico
1512 1906 1784 1954 contracta
1815 1900 1886 1953 sit
1919 1896 2131 1973 fiducia,

197 1997 330 2036 sane
363 1981 672 2036 omnimodo
704 1982 947 2053 conpetit
978 1982 1401 2054 'ususreceptio;
1424 1976 1446 2012 ⁵
1478 1984 1522 2036 si
1547 1999 1676 2037 uero
1704 2000 1824 2039 cum
1845 1983 2133 2053 creditore,

198 2065 382 2121 soluta
425 2064 642 2138 quidem
685 2066 906 2137 pecunia
949 2066 1258 2120 omnimodo
1304 2067 1567 2138 conpetit,
1611 2066 1850 2120 nondum
1884 2082 2014 2120 uero
2047 2082 2134 2120 so-

199 2151 316 2205 luta
348 2150 419 2203 ita
451 2148 665 2204 demum
695 2151 970 2222 competit,
1018 2150 1063 2202 si
1096 2166 1272 2222 neque
1305 2150 1626 2205 conduxerit
1668 2166 1783 2204 eam
1816 2166 1929 2206 rem
1962 2166 1990 2202 a
2020 2166 2133 2205 cre·

198 2233 380 2288 ditore
411 2232 643 2302 debitor,
676 2250 850 2306 neque
875 2235 1117 2306 precario
1143 2235 1444 2307 rogauerit,
1476 2243 1538 2288 ut
1568 2250 1681 2289 eam
1712 2251 1825 2290 rem
1857 2235 2134 2307 possidere

197 2319 422 2385 liceret3
456 2334 565 2391 quo
598 2334 724 2373 casu
755 2316 1016 2373 lucratiua
1048 2311 1400 2391 'ususcapio⁶
1444 2321 1703 2392 conpetit.
1795 2314 1879 2374 61.
1926 2318 2058 2375 Item
2089 2321 2132 2374 si

198 2419 315 2457 rem
348 2401 637 2475 obligatam
668 2401 768 2457 sibi
813 2402 1046 2475 populus
1089 2403 1417 2472 uendiderit,
1460 2419 1697 2475 eamque
1730 2403 1978 2458 dominus
2011 2420 2135 2475 pos-

200 2487 430 2556 sederit,
482 2503 741 2543 concessa
782 2496 866 2541 est
908 2481 1377 2559 'ususreceptioz5
1432 2487 1526 2541 sed
1568 2488 1674 2540 hoc
1704 2502 1830 2540 casu
1861 2485 2135 2557 praedium

199 2571 421 2626 biennio
457 2573 846 2643 usurecipitur=
889 2579 943 2624 et
973 2572 1078 2624 hoc
1109 2578 1208 2638 est,
1246 2570 1392 2641 quod
1425 2570 1594 2641 uolgo
1627 2569 1843 2638 dicitur,
1887 2584 1950 2622 ex
1980 2585 2135 2640 prae-

343 2749 381 2813 ¹)
423 2755 562 2802 etiam
591 2753 645 2805 0.
671 2754 788 2802 edd.
829 2752 905 2813 Cf.
946 2751 1192 2800 Zeitselzr.
1225 2752 1266 2810 f.
1302 2751 1469 2815 yesclz.
1498 2751 1544 2801 R
1556 2751 1640 2799 W.
1668 2750 1826 2803 XIV.
1862 2769 1915 2815 p.
1942 2762 2032 2801 216.

200 2820 243 2881 ²)
272 2821 635 2869 hauctoritatem
655 2820 713 2869 0.
751 2821 1034 2869 auctoritate
1052 2820 1167 2869 edd.
1199 2818 1286 2881 Cf.
1308 2818 1556 2869 Zeitsclzr.
1582 2821 1614 2869 l.
1639 2835 1681 2867 c.
1706 2836 1760 2882 p.
1789 2831 1879 2869 215.
1953 2819 1994 2881 3)
2024 2836 2135 2869 con-

202 2890 405 2937 trahitur
433 2888 486 2940 G.
515 2890 595 2940 ed.
628 2887 723 2951 By.
829 2886 871 2950 ⁴)
908 2888 1085 2936 Malim
1110 2903 1200 2951 quo
1235 2894 1285 2936 et
1305 2894 1493 2951 postea
1517 2888 1633 2942 sint;
1671 2903 1784 2935 nam
1809 2904 1937 2936 nunc
1961 2902 2136 2938 sensus

202 2963 308 3005 est:
347 2958 484 3020 quod
504 2956 818 3020 putabamus,
853 2958 1008 3004 tutius
1042 2962 1248 3005 nostras
1283 2971 1368 3005 res
1402 2955 1545 3018 apud
1578 2970 1682 3003 eum
1705 2954 1850 3015 fore:
1886 2970 1984 3004 non
2008 2958 2136 3005 satis

203 3031 373 3086 alnus.
445 3021 487 3087 ⁵)
527 3023 614 3073 Sic
644 3023 697 3073 C.
725 3025 1019 3087 usureceptio
1045 3024 1162 3073 edd.
1191 3035 1230 3073 1.
1256 3033 1297 3076 2.
1370 3022 1411 3083 ⁶)
1452 3021 1538 3070 Sic
1564 3020 1620 3071 0.
1647 3025 1872 3086 usucapio
1900 3021 2014 3073 edd.
2039 3038 2074 3073 1.
2095 3035 2134 3076 2.

341 3173 391 3240 ξ.
421 3177 504 3226 56.
545 3176 624 3236 Cf.
649 3177 714 3224 L.
744 3186 808 3224 71.
835 3174 893 3239 S.
919 3189 958 3225 1.
990 3176 1048 3224 D.
1076 3177 1138 3224 de
1160 3177 1292 3237 furt.
1318 3176 1406 3237 (47,
1427 3176 1491 3236 2).
1522 3176 1584 3222 L.
1614 3186 1654 3226 2.
1683 3176 1735 3239 3.
1762 3189 1800 3226 1.
1841 3177 1902 3225 D.
1930 3193 2027 3240 pro
2053 3179 2136 3226 ἠε-

200 3244 329 3291 rede
358 3244 443 3304 (41,
467 3242 530 3305 5).
558 3244 622 3292 L.
650 3254 714 3295 33.
742 3241 793 3306 S.
820 3256 856 3292 1.
887 3246 949 3292 D.
978 3245 1040 3291 de
1060 3259 1235 3307 usurp.
1264 3242 1350 3305 (41,
1371 3244 1431 3304 3).
1504 3240 1553 3308 ξ.
1584 3244 1665 3293 57.
1712 3244 1791 3304 Cf.
1819 3245 1881 3292 L.
1910 3259 1930 3292 1
1956 3262 2037 3306 pr.
2067 3245 2134 3292 D.

204 3326 349 3372 quor.
387 3310 500 3360 bon.
537 3307 627 3374 (43,
662 3309 723 3373 2).
829 3309 879 3376 ξ.
916 3313 997 3361 58.
1044 3310 1124 3371 Cf.
1153 3319 1194 3372 3,
1219 3311 1403 3364 201.·L.
1431 3321 1470 3359 2.
1513 3311 1565 3359 0.
1589 3327 1689 3373 pro
1718 3313 1821 3359 lzer.
1852 3310 1912 3370 (7,
1940 3311 2028 3373 29).

202 3373 293 3442 ἓξ.
329 3379 411 3429 59.
447 3380 530 3429 60.
580 3378 658 3439 Cf'.
700 3378 880 3428 Boetia.
914 3380 965 3427 in
1009 3378 1131 3439 Τομ.
1172 3390 1238 3427 10.
1272 3396 1325 3441 p.
1355 3389 1431 3427 340
1465 3375 1604 3426 Bait.
1653 3379 1849 3427 Isidor.
1880 3375 1963 3423 Or.
2003 3387 2044 3434 5,
2068 3386 2135 3425 25.

205 3442 304 3506 §8-
337 3455 403 3496 23.
438 3456 503 3495 30.
553 3446 655 3495 Cic.
686 3463 785 3509 pro
823 3447 1008 3495 Flacco
1042 3456 1107 3494 21.
1145 3444 1196 3508 S.
1234 3456 1301 3495 51.
1346 3446 1491 3496 Paul.
1529 3455 1569 3504 2,
1608 3455 1670 3493 13.
1719 3457 1823 3491 cum
1851 3440 2028 3503 amico]
2058 3441 2138 3499 Cf.
2205 3471 2208 3474 π

214 3511 388 3563 Valer.
420 3513 573 3563 Max.
597 3526 637 3572 4,
664 3523 704 3561 2.
735 3513 789 3577 8.
818 3524 856 3562 7.
950 3511 998 3578 ξ
1038 3515 1117 3563 61.
1163 3512 1241 3572 Cf.
1272 3513 1333 3560 L.
1354 3523 1393 3559 9.
1434 3513 1496 3558 D.
1536 3513 1598 3559 de
1623 3525 1752 3558 rese.
1779 3509 1923 3555 vend.
1965 3507 2049 3566 (18,
2077 3505 2142 3567 5).
