2546 3928
373 254 452 309 22
1248 267 1429 303 GAivs.

375 389 444 438 ad
492 387 834 452 Goescheni,
883 388 1206 454 Hollwegii,
1255 387 1460 436 Blumii
1505 385 1737 437 schedas
1783 385 2093 437 confectum
2133 384 2310 450 publi·

374 457 527 507 cavit
575 456 894 522 (utrumque
942 457 1094 521 Lips.
1144 454 1347 518 1866.).
1429 454 1591 516 Quod
1635 455 1907 519 posterius
1953 468 2089 518 opus
2135 466 2305 517 quan·
2324 457 2439 525 [100]

374 540 538 589 quam
584 524 780 589 peritis
825 524 1004 589 magis
1049 523 1297 589 pulcrum
1338 525 1394 572 et
1428 521 1679 585 nitidum,
1728 537 1890 586 quam
1933 521 2309 571 necessarium

374 607 682 658 magnaeve
730 590 1000 642 utilitatis
1048 605 1170 641 esse
1218 591 1509 645 videbitur,
1562 591 1743 639 fateor
1787 592 1970 639 tamen
2008 604 2093 639 me
2130 589 2312 654 ipsum

371 661 477 709 hoc
515 659 691 709 nitore
730 660 990 711 allectum
1031 673 1170 721 esse,
1206 663 1269 707 ut
1307 659 1421 708 fere
1460 672 1650 708 omnes
1675 657 1826 708 locos
1853 654 2198 706 difficiliores
2236 657 2311 706 ad

375 727 586 778 codicis
613 727 958 792 scripturam,
997 727 1142 776 sicut
1177 730 1409 776 enotata
1446 728 1548 786 est,
1587 725 1782 775 iterum
1811 725 2109 789 exigerem.
2159 723 2312 773 Idem

370 810 503 846 vero
542 801 599 845 et
635 795 759 860 plus
792 795 960 845 etiam
986 799 1050 844 ut
1076 794 1341 855 facerem,
1380 808 1525 843 nova
1548 787 1877 856 Boeckingii
1905 792 2080 843 editio
2108 794 2311 856 coegit.

372 863 532 924 Quod
567 864 710 913 enim
747 869 859 912 tam
895 862 1106 926 peritus
1144 861 1270 912 Gaii
1310 861 1490 911 editor
1524 861 1581 909 in
1619 860 1969 925 praefatione
2008 860 2192 925 operis
2226 861 2311 910 iu-

373 931 542 993 dicat,
587 946 763 981 meam
802 929 1096 980 editionem
1136 934 1192 979 et
1225 929 1382 980 vitiis
1419 931 1475 977 et
1508 927 1809 979 virtutibus
1846 926 2141 988 excellere,
2188 929 2310 977 eius

371 1013 498 1063 pars
534 998 686 1063 prior
720 997 932 1059 iudicii,
979 1012 1139 1061 quam
1179 995 1524 1061 potissimum
1558 996 1690 1046 boni
1726 994 2117 1046 consulendam
2155 1001 2213 1045 et
2250 996 2311 1043 in

372 1082 484 1115 rem
539 1081 714 1116 meam
772 1064 1199 1115 convertendam
1257 1079 1380 1114 esse
1433 1063 1706 1126 intellexi,
1758 1064 2119 1112 incitamento
2172 1062 2313 1111 mihi

373 1133 498 1193 fuit,
543 1137 607 1182 ut
642 1133 781 1182 vitia
817 1131 916 1182 illa
954 1137 1216 1197 quantum
1252 1147 1470 1197 possem
1515 1133 1635 1197 ipse
1674 1145 2064 1196 cognoscerem
2102 1134 2158 1180 et
2195 1145 2313 1180 cor-

372 1202 624 1265 rigerem.
685 1200 882 1264 Itaque
923 1200 1133 1250 factum
1173 1207 1276 1262 est,
1312 1204 1376 1249 ut
1410 1213 1599 1249 rursus
1633 1203 1973 1264 pertractato
1998 1203 2113 1249 toto
2140 1212 2312 1263 opere
2373 1230 2382 1237 -

370 1269 512 1318 haec
554 1283 700 1318 nova
747 1268 921 1318 editio
971 1268 1159 1319 multis
1205 1268 1458 1333 partibus
1505 1271 1616 1316 tam
1666 1267 1722 1315 in
1767 1267 2000 1331 praevia
2045 1267 2314 1316 disserta-

373 1337 524 1386 tione
564 1340 620 1385 et
655 1340 888 1401 utraque
926 1335 1279 1387 adnotatione
1328 1349 1493 1399 quam
1530 1335 1587 1382 in
1624 1335 1745 1398 ipso
1783 1340 2049 1385 contextu
2090 1333 2315 1384 auctior

373 1411 430 1453 et
464 1415 583 1453 meo
631 1399 849 1468 quidem
893 1402 1096 1453 iudicio
1145 1404 1310 1453 etiam
1359 1401 1701 1452 emendatior
1749 1401 1997 1465 prodeat.
2069 1400 2153 1451 De
2202 1415 2314 1465 qno

370 1476 436 1521 ut
472 1471 642 1522 etiam
680 1470 857 1522 lector
882 1471 1048 1522 facile
1075 1470 1321 1521 iudicare
1347 1471 1540 1536 possit,
1580 1469 1836 1535 exempla.
1860 1468 2100 1520 locorum
2127 1483 2314 1518 emen-

372 1541 620 1589 datorum
658 1539 797 1590 haec
836 1540 1090 1605 graviora
1119 1538 1371 1589 indicare
1409 1539 1591 1588 iuvat:
1629 1539 1671 1588 I.
1708 1541 1755 1590 2.
1794 1538 1843 1587 6.
1886 1539 1996 1589 111.
2037 1537 2151 1588 182.
2194 1537 2314 1586 184.

371 1607 444 1656 11.
486 1608 566 1655 16.
603 1609 682 1657 24.
720 1609 804 1658 27.
847 1610 961 1659 124.
1002 1609 1257 1658 151.155.
1285 1609 1400 1657 213.
1426 1606 1544 1656 274.
1578 1607 1696 1656 287.
1752 1606 1851 1655 III.
1888 1606 1973 1656 43.
1998 1606 2081 1654 44.
2108 1605 2194 1653 49.
2221 1606 2314 1654 56.

370 1676 454 1724 81.
489 1676 572 1724 83.
606 1676 688 1723 84.
733 1675 846 1724 116.
887 1677 1000 1724 118.
1044 1676 1154 1723 140.
1195 1677 1308 1723 153.
1351 1675 1466 1723 168.
1510 1675 1620 1722 189.
1663 1675 1777 1723 196.
1845 1672 1938 1724 IV.
1985 1672 2061 1724 16.
2100 1673 2185 1722 34.
2223 1673 2316 1722 37.

369 1743 451 1790 42.
487 1742 570 1788 46.
608 1742 691 1790 51.
730 1741 840 1789 528.
876 1741 960 1789 84.
1000 1742 1082 1789 95.
1124 1742 1236 1788 139.
1279 1741 1388 1790 153.
1426 1740 1534 1791 175.
1569 1741 1676 1788 177.
1711 1740 1819 1788 183.
1880 1737 2173 1786 Caeterum
2205 1753 2312 1788 ne-

371 1822 476 1871 que
501 1805 640 1856 haec
676 1807 792 1855 fere
828 1821 1005 1869 neque
1034 1805 1309 1870 permulta
1344 1806 1560 1855 omnino
1589 1806 1765 1866 fuere,
1807 1818 1949 1869 quae
1974 1821 2008 1853 a
2032 1803 2313 1855 Boeckin-

412 1876 463 1924 io
501 1875 736 1923 mutuari
773 1873 947 1925 licuit.
1006 1873 1138 1923 Plus
1177 1873 1227 1922 ei
1266 1873 1520 1922 monitori
1558 1887 1720 1936 qnam
1758 1871 2013 1937 largitori
2049 1871 2224 1922 debeo
2248 1879 2315 1924 et

401 1941 546 2007 quod
573 1941 753 2003 doleo)
791 1955 899 1992 non
936 1956 1060 1992 raro
1086 1943 1206 1992 sive
1231 1941 1738 2007 impugnationibus
1775 1941 1895 1992 eius
1930 1941 2049 1991 sive
2085 1941 2315 1992 noviter

371 2011 606 2076 repertis
654 2016 710 2059 et
755 2010 1030 2075 suppletis
1075 2009 1159 2073 (in
1205 2025 1313 2073 qua
1354 2025 1462 2059 non
1510 2025 1609 2059 sna
1655 2009 1941 2075 provincia
1987 2009 2164 2058 minus
2212 2010 2315 2061 ex-

371 2079 526 2129 cellit
558 2079 645 2129 vir
680 2078 876 2143 celeb.)
915 2079 1099 2144 palam
1136 2078 1540 2142 obloquendum
1579 2077 1701 2128 fuit.
1774 2078 1849 2127 Et
1884 2092 2099 2140 vereor,
2141 2092 2211 2126 ne
2248 2078 2314 2128 in
2357 2133 2362 2134 ⁷

367 2148 683 2198 universum
730 2147 908 2211 magis
964 2146 1310 2211 ingeniorum
1369 2149 1425 2195 et
1478 2146 1534 2194 in
1582 2141 1775 2195 critica
1829 2151 1949 2194 arte
1996 2145 2313 2196 exercenda

372 2214 593 2264 consilii
638 2219 691 2262 et
734 2215 1008 2264 rationum
1056 2213 1375 2263 diversitati
1421 2214 1766 2263 tribuendum
1811 2214 1903 2275 sit,
1950 2212 2092 2277 quod
2139 2213 2187 2276 is
2237 2212 2313 2263 de

370 2287 387 2312 ‘
403 2280 664 2331 libidine’
706 2296 847 2342 mea,
897 2286 953 2332 et
988 2297 1112 2331 mea
1147 2285 1381 2343 tantum,
1415 2280 1472 2329 in
1509 2280 1829 2346 supplendis
1867 2279 2309 2332 reformandisve

371 2348 458 2398 his
496 2348 908 2399 commentariis
944 2351 1207 2413 queritur.
1282 2348 1404 2411 Qua
1449 2354 1635 2399 tamen
1679 2349 1737 2398 in
1773 2364 1832 2399 re
1871 2353 2085 2398 tantum
2124 2347 2309 2409 abest,

368 2421 429 2466 ut
462 2432 585 2467 mea
623 2421 834 2467 tantum
879 2417 1014 2466 mihi
1051 2416 1331 2481 placeant,
1379 2421 1442 2466 ut
1488 2421 1544 2466 et
1588 2421 1772 2481 optem
1820 2421 1876 2466 et
1918 2416 2034 2465 fore
2072 2430 2308 2479 sperem,

369 2489 433 2534 ut
456 2484 788 2551 Boeckingil
825 2486 995 2536 editio
1033 2500 1154 2535 cum
1192 2485 1411 2534 omnino
1449 2489 1560 2534 tum
1589 2485 1913 2550 praesertim
1952 2483 2038 2542 iis,
2077 2497 2309 2548 quorum

367 2558 554 2603 textus
599 2552 792 2603 harum
828 2553 1246 2604 Institutionum
1294 2552 1579 2603 historiam
1628 2556 1890 2604 accurate
1936 2565 2098 2601 nosse
2135 2550 2307 2601 inter·

373 2623 474 2682 est,
511 2621 567 2669 in
603 2622 783 2684 pretio
822 2626 878 2670 et
915 2622 971 2671 in
1007 2636 1109 2672 usu
1147 2620 1235 2671 sit.

471 2804 587 2854 Iam
625 2803 679 2852 in
717 2818 783 2854 ea
820 2804 1195 2868 praefatione,
1234 2821 1394 2870 quam
1422 2809 1620 2857 tertiae
1646 2807 1819 2857 totius
1854 2805 2014 2856 huius
2052 2805 2303 2870 syllogae

372 2872 601 2922 editioni
629 2872 904 2937 praemisi,
943 2871 1010 2922 de
1046 2872 1281 2924 adversa
1321 2875 1439 2925 eius
1476 2875 1698 2924 fortuna
1724 2879 1953 2938 questus
1989 2888 2124 2936 sum,
2160 2872 2306 2938 quod

370 2941 429 2988 in
476 2954 543 2989 ea
593 2944 842 3004 tempora
886 2939 1098 3002 incidit,
1145 2941 1240 2991 ubi
1286 2942 1667 3006 gravissimum
1716 2945 1773 2990 et
1809 2940 2303 2991 fructuosissimum

369 3006 728 3056 adornandae
775 3006 903 3057 Gaii
954 3006 1371 3059 Institutionum
1423 3007 1680 3058 editionis
1734 3007 2051 3069 subsidium,
2108 3007 2304 3058 Stude·

369 3073 559 3124 mundi
595 3074 718 3124 dico
756 3075 1130 3141 apographum
1171 3075 1380 3125 codicis
1410 3076 1744 3125 Veronensis
1781 3074 2135 3140 eiusdemque
2172 3075 2306 3125 Gaii

369 3141 555 3204 editio,
596 3142 912 3207 propediem
941 3143 1152 3207 quidem
1180 3145 1237 3193 in
1262 3142 1539 3208 publicum
1574 3142 1916 3208 proditurum
1956 3142 2303 3207 sperabatur,

368 3225 471 3260 nec
517 3213 701 3260 tamen
745 3211 1052 3275 prodierat,
1108 3227 1211 3261 nec
1258 3210 1477 3273 quando
1521 3209 1867 3274 proditurum
1916 3215 2091 3272 esset,
2151 3217 2303 3260 certo

368 3279 566 3328 resciri
595 3284 831 3341 poterat.
893 3278 1051 3339 Quod
1079 3277 1388 3328 subsidium
1424 3281 1485 3327 ut
1522 3277 1591 3327 ab
1628 3278 1901 3343 omnibus,
1931 3278 2128 3343 quibus
2165 3277 2304 3328 haec

367 3346 551 3395 studia
591 3345 739 3397 cordi
777 3351 922 3408 sunt,
972 3360 1076 3410 quo
1114 3346 1321 3395 diutius
1361 3350 1739 3410 exspectatur,
1788 3362 1852 3396 eo
1892 3346 2173 3397 ardentius
2211 3345 2303 3395 de-

367 3413 660 3474 sideratur,
696 3414 778 3463 ita
812 3414 880 3476 ei,
929 3415 1023 3476 qui
1063 3414 1190 3463 Gaii
1224 3414 1620 3464 Institutiones
1658 3413 1903 3464 editurus
1941 3419 2039 3473 est,
2084 3427 2303 3478 prorsus

368 3482 736 3532 necessarium
785 3480 957 3532 videri
1002 3480 1181 3531 debet.
1253 3482 1337 3530 Ex
1382 3480 1467 3531 his
1515 3481 1677 3543 enim,
1724 3496 1863 3545 quae
1908 3482 2017 3532 viri
2061 3481 2119 3530 in
2154 3483 2304 3530 inve-

369 3545 641 3609 stigandis
686 3547 1254 3614 recognoscendisque
1300 3548 1591 3612 scripturis
1635 3548 1917 3600 deleticiis
1959 3549 2304 3599 exercitatis·

359 3611 493 3661 simi
527 3614 824 3679 ingenium,
862 3615 996 3666 fides
1025 3619 1191 3680 atque
1228 3614 1478 3665 doctrina
1505 3616 1778 3682 spondent
1808 3631 2054 3682 quaeque
2082 3616 2304 3680 quibus-
