2546 3928
714 213 828 247 asu
863 212 1056 252 meur,
1093 198 1186 252 IV.
1229 202 1515 249 125—126.
1949 199 2069 256 221
2114 183 2117 184 γ

145 351 212 391 ex
243 343 515 407 tempore,
562 335 655 391 sed
687 338 847 391 etiam
878 354 942 392 ex
973 353 1201 411 persona
1234 338 1512 393 dilatoriae
1543 339 1886 409 exceptiones
1919 341 2074 396 intei-

147 421 428 494 1eguntur,
462 419 648 492 quales
681 429 808 476 sunt
838 423 1194 495 cognitoriae,
1230 422 1383 477 uelut
1413 423 1458 477 si
1487 423 1554 492 is,
1589 424 1681 494 qui
1711 438 1808 495 per
1838 422 2073 479 edictum

146 504 489 577 cognitorem
531 504 655 560 dare
696 522 806 561 non
846 514 1061 580 potest,
1123 523 1219 578 per
1257 506 1597 579 cognitorem
1641 515 1795 579 agat,
1843 508 1929 563 uel
1976 508 2085 577 ἰἐ,ί

148 580 284 661 qui¹
328 587 487 644 dandi
530 589 742 662 quidem
788 591 1087 663 cognitoris
1132 592 1216 645 ius
1261 589 1480 659 habeat,
1527 606 1648 646 eum
1680 590 1805 661 det,
1848 593 1935 647 cui
1966 608 2075 648 non

146 673 274 728 licet
314 673 655 746 cognituram
697 673 1001 748 suscipere:
1061 691 1182 729 nam
1224 677 1269 729 si
1314 674 1575 730 obiciatur
1615 677 1858 748 exceptio
1890 679 2078 750 cogni·

148 758 320 827 toria,
351 759 397 811 si
426 759 542 832 ipse
578 758 696 813 talis
730 762 854 829 erit,
888 769 948 813 ut
980 761 1027 813 ei
1059 775 1169 814 non
1210 758 1367 815 liceat
1408 759 1752 833 cognitorem
1783 760 1930 830 dare,
1960 762 2077 835 ipse

147 854 312 915 agere
352 848 565 913 potest;
626 842 672 897 si
714 859 847 898 uero
888 844 1161 917 cognitori
1193 859 1304 899 non
1333 843 1492 899 liceat
1523 845 1863 915 cognituram
1909 847 2081 901 susci-

145 940 309 999 pere,
363 941 462 999 per
518 926 679 981 aliurn
735 930 1075 1001 cognitorem
1129 936 1222 983 aut
1278 945 1376 1001 per
1419 937 1591 983 semet
1634 929 1812 1001 ipsum
1856 928 2078 985 liberam

149 1007 309 1064 habet
350 1011 545 1083 agendi
586 1020 944 1084 potestatem,
991 1022 1045 1066 ct
1087 1020 1193 1067 tam
1227 1013 1330 1068 hoc
1363 1029 1522 1085 quam
1550 1012 1645 1068 illo
1677 1012 1840 1068 modo
1873 1015 2078 1069 euitare

149 1087 446 1167 ’(ροίεῑεῑ)2
492 1099 894 1169 exceptionem:
964 1096 1161 1170 quodsi
1214 1090 1642 1173 dissilmulaverit
1697 1113 1823 1153 eam
1880 1107 1935 1153 et
1978 1115 2076 1171 per
2095 1112 2211 1160 231.

146 1179 488 1250 cognitorem
536 1185 746 1254 egerit,
794 1197 912 1235 rem
954 1182 1163 1251 perdit.
1254 1178 1379 1239 125.
1428 1180 1540 1237 Sed
1565 1184 1929 1255 peremptoria
1959 1185 2079 1255 qui-

148 1261 273 1318 dem
319 1267 637 1336 exceptione
681 1281 804 1320 cum
847 1280 977 1320 reus
1012 1280 1122 1335 per
1153 1280 1410 1321 errorem
1445 1281 1553 1330 non
1585 1263 1687 1318 fuit
1719 1281 1882 1335 usuS,
1916 1270 1969 1319 in
2000 1268 2080 1319 in-

76 1355 369 1424 ›5Jtegrum
430 1350 747 1404 restituitur
800 1348 1121 1404 seruandae
1176 1348 1510 1420 exceptionis
1566 1350 1768 1419 gratia:
1836 1347 2080 1403 dilatonia

150 1446 285 1486 uero
317 1433 364 1485 si
394 1448 503 1486 non
531 1432 649 1502 fuit
680 1448 846 1501 usuS,
888 1449 953 1486 tm
982 1434 1035 1486 in
1067 1433 1343 1506 integrum
1372 1432 1730 1501 restituatur,
1785 1434 2079 1504 quaeritur.

278 1510 411 1572 126.
456 1515 730 1570 Interdum
761 1517 975 1586 euenit,
1009 1525 1068 1571 ut
1098 1518 1378 1588 exceptio,
1413 1531 1547 1587 quae
1578 1516 1747 1587 prima
1779 1515 1912 1572 facie
1941 1516 2080 1572 iusta

148 1599 435 1666 uideatur,
499 1600 680 1671 inique
725 1606 915 1655 noceat
961 1601 1158 1655 actori:
1215 1598 1363 1672 quod
1402 1615 1522 1653 cum
1564 1598 1786 1672 accidit,
1845 1600 1943 1655 alia
1995 1601 2083 1653 ad-

144 1683 389 1738 iectione
435 1698 573 1753 opus
616 1693 699 1737 est
742 1683 1027 1738 adiuuandi
1071 1686 1267 1739 actoris
1311 1684 1513 1756 gratia:
1563 1700 1700 1755 quae
1741 1684 1968 1739 adiectio
2002 1701 2084 1739 re·

145 1766 375 1840 plicatio
421 1776 677 1836 uocatur,
726 1769 847 1839 quia
879 1784 977 1840 per
1004 1784 1121 1823 eam
1153 1768 1447 1841 replicatur
1477 1777 1640 1841 atque
1673 1769 1973 1824 resoluitur
2003 1771 2082 1824 uis

145 1851 519 1922 exceptionis:
566 1868 684 1906 nam
726 1854 773 1906 si
816 1852 966 1907 uerbi
1010 1854 1182 1926 gratia
1212 1861 1404 1925 pactus
1436 1854 1536 1908 sim
1569 1861 1776 1924 tecum,
1826 1870 1892 1909 ne
1922 1870 2084 1927 pecu-

148 1936 327 2006 niam,
377 1952 535 2008 quam
568 1936 694 1992 mihi
725 1935 918 2008 debeS,
962 1953 987 1991 a
1021 1947 1074 1993 te
1104 1946 1377 2011 peterem,
1423 1936 1614 1993 deinde
1646 1947 1836 2010 postea
1866 1939 1920 1993 in
1951 1954 2084 1993 con-

150 2021 379 2075 trarium
409 2022 551 2092 pacti
581 2024 780 2089 simuS‚
819 2021 872 2074 id
902 2030 1015 2092 est,
1051 2031 1109 2076 ut
1141 2032 1327 2093 petere
1360 2021 1486 2075 mihi
1516 2021 1703 2088 liceat,
1737 2030 1821 2089 et,
1846 2024 1890 2075 si
1930 2038 2084 2094 agam

150 2113 369 2176 tecum,
417 2105 647 2177 excipias
695 2113 783 2174 tu,
834 2114 891 2159 ut
921 2107 994 2160 ita
1025 2104 1239 2160 demum
1272 2105 1402 2159 mihi
1432 2103 1838 2173 condemneris,
1886 2107 1931 2159 si
1977 2121 2086 2159 non

149 2190 502 2257 conuenerit,
553 2207 619 2244 ne
666 2206 778 2244 eam
814 2190 1097 2262 pecuniam
1143 2197 1420 2261 peterem,
1470 2197 1627 2243 nocet
1671 2189 1797 2244 mihi
1840 2192 2084 2261 exceptio
2144 2240 2149 2241 ff

154 2275 297 2346 pacti
330 2275 617 2342 conuenti3
665 2290 893 2352 namque
931 2274 1279 2329 nihilominus
1314 2273 1415 2328 hoc
1447 2289 1634 2327 uerum
1669 2283 1878 2344 manet,
1926 2276 2084 2328 etiam

156 2487 288 2536 quae
336 2476 627 2535 appellatur
668 2475 774 2521 rei’
811 2488 987 2522 nomen
1035 2473 1357 2534 exceptionis
1404 2472 1671 2521 induceret
1715 2472 1990 2520 inauditum
2039 2478 2087 2518 et

151 2553 374 2601 prorsus
398 2539 642 2598 mirabile,
670 2541 855 2604 quippe
881 2556 911 2588 α
935 2555 990 2589 se
1016 2541 1131 2602 ipsa
1158 2541 1469 2602 appellatae.
1521 2538 1628 2588 Sed
1651 2537 1726 2601 (ut
1750 2539 1856 2588 alia
1879 2537 2087 2600 mittam)

157 2621 221 2654 ne
246 2622 413 2655 verum
440 2609 635 2671 quidem
661 2615 753 2667 est,
780 2623 878 2671 per·
901 2609 1251 2670 exceptionem
1276 2608 1358 2654 rei
1380 2607 1431 2654 in
1463 2608 1564 2660 iud.
1593 2608 1841 2657 deductae
1867 2613 2088 2657 actorem

151 2676 465 2736 potissimum
483 2675 789 2730 submoveri;
806 2677 1013 2737 saepius
1024 2674 1404 2724 summovebitur
1413 2676 1716 2738 exceptione
1727 2676 1808 2724 rei
1816 2676 2069 2724 iudicatae
2077 2714 2088 2725 .

157 2740 394 2790 Ceterum
425 2743 590 2791 verbis
623 2758 707 2805 per
739 2744 1061 2806 exceptionem
1098 2742 1251 2791 Gaius
1293 2748 1493 2804 aperte,
1515 2744 1759 2806 intelleyit
1801 2744 2090 2792 dilatoriam

159 2810 529 2872 exceptionem,
567 2825 695 2874 quae
727 2811 971 2874 opposita
1003 2810 1189 2874 effecit,
1227 2817 1281 2857 ut
1318 2823 1435 2858 reus
1467 2810 1660 2860 absolvi
1692 2812 1901 2860 deberet
1931 2824 2090 2872 eoque

157 2877 308 2925 modo
333 2891 420 2924 res
445 2880 802 2937 perimeretur,
838 2893 939 2926 non
964 2878 1314 2940 exceptionem
1346 2878 1428 2924 rei
1449 2878 1498 2925 in
1524 2879 1756 2928 iudicium
1788 2879 2055 2926 deductae.

165 2942 205 3006 ¹)
245 2943 399 2992 Haec
426 2944 479 2992 0.
507 2952 557 2993 et
581 2947 698 2994 edd.
727 2961 825 2994 non
849 2944 1062 2999 babent,·
1099 2945 1235 3009 quod
1257 2959 1378 2993 vero
1398 2947 1553 3007 paulo
1586 2952 1706 3008 post
1731 2951 1849 2994 ante
1887 2957 1989 2992 eum
2016 2945 2094 2993 det

159 3011 347 3060 liabent
364 3027 387 3059 s
407 3031 472 3051 =
491 3013 588 3073 sed,
608 3014 806 3062 videtur
825 3014 1096 3076 aliqnando
1118 3028 1186 3061 eoe
1207 3005 1282 3073 isq'
1304 3020 1595 3075 corruptum
1614 3014 1763 3077 idque
1786 3020 1959 3062 nostro
1981 3015 2093 3062 loco

158 3097 540 3145 restituendum.
663 3093 705 3160 2)
746 3097 817 3149 H.
853 3100 884 3146 l.
923 3113 979 3160 pe
1009 3104 1130 3160 post
1162 3097 1384 3145 euita-re
1418 3099 1676 3147 eaecz'disse
1695 3096 1963 3160 probabile
1988 3106 2094 3154 est,-

159 3169 281 3211 ante
308 3170 399 3211 tam
426 3163 575 3213 habet
599 3166 679 3213 ed.
710 3162 808 3227 By.

164 3362 218 3427 8.
246 3376 288 3413 2.
328 3367 393 3412 D.
432 3368 494 3414 de
527 3367 675 3429 prob.
706 3365 793 3429 (22,
823 3369 886 3425 3).
925 3368 996 3416 ad
1027 3367 1256 3416 Herenn.
1285 3376 1327 3427 ²,
1356 3377 1418 3416 13.
1455 3365 1508 3429 S.
1535 3378 1601 3419 20.
1643 3365 1847 3425 Quintil.
1888 3365 1934 3416 I.
1967 3363 2020 3413 Ο.
2053 3375 2093 3421 3,

162 3443 204 3482 o.
243 3433 297 3496 S.
325 3445 389 3482 το.
426 3445 465 3488 4,
491 3446 531 3483 4.
572 3432 624 3497 S.
650 3446 691 3488 6.
728 3445 767 3493 7,
796 3446 833 3483 1.
874 3434 970 3498 38.
1008 3446 1055 3485 19
1088 3450 1195 3498 seq.
1337 3430 1388 3500 ξ.
1421 3436 1533 3486 125.
1574 3433 1651 3492 Cf.
1693 3431 1882 3496 8553.
1909 3442 2095 3482 5‘ls123.

166 3501 230 3550 L.
259 3512 301 3552 2.
343 3501 396 3550 C.
431 3509 558 3551 sent.
595 3518 726 3554 rese.
762 3519 809 3551 n.
844 3519 897 3566 p.
935 3500 998 3563 (7,
1023 3500 1113 3561 50).
1151 3501 1214 3555 L,
1249 3509 1291 3549 8.
1317 3511 1471 3550 1213.
1511 3500 1564 3549 C.
1601 3502 1664 3549 de
1697 3513 1810 3548 exc.
1850 3498 1912 3562 (s,
1939 3498 2025 3560 36).

233 3566 285 3634 ξ.
317 3571 338 3616 1
382 3569 427 3621 6.
455 3590 520 3609 =
541 3586 628 3633 pr.
662 3570 705 3622 I.
733 3572 796 3618 de
822 3572 998 3634 replica
1026 3567 1086 3633 (4,
1116 3569 1205 3632 14).
