2546 3928
854 215 971 250 oum
1009 215 1201 253 msa-rr.
1239 201 1331 250 IV.
1373 203 1604 254 14-15.
2065 198 2184 255 183

249 341 570 415 sponsionis
603 348 657 395 et
688 339 1112 413 restipulationis
1153 355 1325 412 poena
1357 339 1510 394 lucro
1542 339 1682 394 cedit
1725 339 2062 409 aduersario,
2095 341 2189 412 qui

59 417 229 490 ’[266]
256 426 474 482 uicerit.
562 421 650 479 14.
710 423 885 479 Poena
937 431 1115 478 autem
1170 419 1491 478 sacramenti
1544 431 1637 479 aut
1681 424 2030 496 quingenaria
2071 430 2187 478 erat

255 518 355 565 aut
397 510 883 582 quinquagenaria:
927 525 1061 563 nam
1103 507 1169 562 de
1212 505 1372 561 rebus
1415 507 1539 562 mile
1580 508 1715 562 aeris
1758 506 2001 580 piurisue
2032 507 2188 579 quin·

253 595 439 668 gentis
482 593 712 663 assibus,
755 592 821 647 de
861 593 1085 647 minoris
1128 606 1269 647 uero
1315 592 1705 665 quinquaginta
1746 590 1954 658 assibus
2008 606 2187 646 sacra-

252 685 443 733 mento
497 676 940 733 contendebatur
954 700 973 739 ;
1017 692 1137 730 nam
1189 678 1269 731 ita
1313 674 1436 748 lege
1474 692 1568 731 x11
1620 675 1922 731 tabularum
1972 683 2188 731 cautum

253 769 391 817 crat.
481 770 535 817 at
579 762 728 817 side
765 762 1032 816 libertate
1077 760 1309 814 hominis
1351 761 1724 814 controuersia
1766 768 1902 831 erat,
1935 760 2035 814 etsi
2067 776 2190 832 pre-

252 848 584 903 tiosissimus
629 846 792 901 homo
837 851 1003 915 esset,
1051 851 1227 898 tamen
1271 851 1330 898 ut
1370 862 1408 899 L
1442 844 1649 899 assibus
1693 851 2025 899 sacramento
2057 860 2187 898 oon·

253 930 609 1000 tenderetur,
668 930 855 985 eadem
895 928 1018 1001 lege
1068 936 1286 983 cautum
1330 936 1414 983 est
1469 928 1674 983 fauoris
1726 928 1952 998 ’causa,
2009 935 2069 983 ut
2122 942 2187 983 eo

246 1015 499 1088 facilius
530 1005 1019 1085 compararentur¹
1064 1012 1392 1067 adsertores,
1434 1006 1442 1088 Ι

254 1117 341 1151 vv.
372 1098 2185 1157 1-2o.—-———1—-———————-

255 1177 389 1238 215.
437 1180 713 1239 'Ceterum
759 1198 887 1237 cum
931 1174 1140 1236 etiam3
1181 1185 1334 1246 z‘lstae
1377 1198 1561 1236 omncs
1606 1183 1844 1237 actiones
1878 1210 1959 1219 —
1992 1211 2071 1220 -—
2104 1210 2186 1219 —-

401 1396 440 1460 ¹)
479 1396 680 1458 Scripsi
701 1395 1124 1443 accommodatius
1148 1396 1218 1442 ad
1239 1410 1435 1442 sensum
1461 1401 1510 1441 et
1543 1395 1614 1442 ad
1637 1393 1822 1442 Sclzed.
1848 1394 2044 1441 ductus.
2101 1393 2190 1451 (In

254 1466 318 1519 C,
342 1464 532 1525 fuerit:
566 1472 616 1512 ut
650 1479 705 1511 eo
741 1463 928 1510 facilins
963 1461 1304 1524 7pararentur.)
1355 1465 1524 1509 ‘causa
1561 1476 1623 1509 ne
1656 1461 1982 1509 satisdatione
2016 1475 2189 1509 onera-

258 1534 449 1583 rentur’
478 1546 547 1578 ex
570 1531 689 1578 Sav.
716 1530 789 1590 (ᾔ.
821 1531 1098 1590 pleraeque
1133 1528 1249 1575 edd.
1300 1530 1465 1576 fauore
1502 1531 1692 1576 scilicet
1718 1527 1961 1576 libertatis
1986 1544 2044 1577 ne
2070 1543 2191 1577 one-

259 1606 484 1649 rarentur
518 1598 598 1644 ed.
635 1596 733 1657 By.
759 1605 801 1644 5.
907 1592 948 1659 ²)
989 1596 1108 1643 Hac
1137 1596 1319 1659 priore
1352 1600 1503 1657 parte
1543 1596 1789 1657 payinae,
1832 1596 1885 1643 in
1928 1610 2026 1659 qua
2070 1594 2192 1643 nihil

262 1666 369 1728 Iegyi
391 1665 583 1727 pot-uit,
622 1665 685 1712 de
711 1664 855 1712 modo
890 1664 1200 1711 sacramenti
1229 1664 1507 1724 disputatio
1543 1663 1837 1711 continuata
1861 1669 1912 1710 et
1943 1663 2015 1710 ad
2037 1663 2190 1721 finem

262 1735 520 1797 perducta
544 1746 655 1780 esse
681 1732 903 1791 videtur,
939 1736 993 1778 ut
1015 1737 1165 1792 puto,
1206 1731 1299 1779 boc
1319 1730 1436 1791 fere
1460 1731 1630 1779 modo:
1661 1733 1678 1758 ‘
1686 1728 1732 1777 E
1758 1731 1961 1778 diuerso
1987 1731 2034 1777 si
2055 1730 2190 1779 inter

259 1802 501 1865 populum
536 1804 587 1848 et
616 1799 868 1861 priuatum
903 1799 1256 1846 controuersia
1281 1806 1397 1846 erat
1425 1800 1507 1846 uel
1531 1799 1602 1846 ad
1631 1798 1966 1846 centumuiros
2006 1797 2190 1858 ibatur,

258 1871 374 1918 siue
400 1882 485 1915 res
508 1868 619 1914 mile
645 1867 783 1915 aeris
806 1867 1033 1929 plurisue
1058 1866 1165 1914 siue
1188 1867 1398 1915 minoris
1422 1873 1570 1922 esset,
1597 1867 1906 1914 sacramenti
1925 1880 2094 1927 poena
2119 1880 2188 1914 eae

261 1940 374 1998 1696
419 1935 641 1983 Hateria
692 1932 916 1997 Tarpeia
958 1950 989 1982 a
1030 1942 1275 1995 praetore
1317 1933 1692 1990 aestimabatur,
1737 1934 1881 1983 modo
1923 1948 1984 1982 ne
2027 1934 2189 1982 minor

264 2004 550 2069 quinyente‘s
584 2017 743 2066 neque
777 2003 936 2050 maior
972 2001 1036 2049 II
1046 2001 1070 2048 I
1106 2002 1299 2050 milibus
1330 2002 1482 2049 'aeris
1521 2008 1852 2050 statueretur.
1908 2007 2188 2062 praeterea

262 2077 374 2135 1696
401 2071 537 2118 Iulia
568 2069 783 2132 Papiria
806 2075 1000 2117 cautum
1026 2075 1120 2128 est,
1147 2084 1208 2116 ne
1232 2070 1397 2129 pluris
1422 2083 1567 2131 quam
1589 2069 1705 2129 ipsa
1729 2082 1814 2115 res
1839 2072 1988 2124 esset,
2015 2081 2189 2114 sacra-

263 2146 474 2188 mentam
508 2143 824 2185 statueretur
861 2134 949 2196 (cf.
986 2136 1126 2195 infra
1160 2146 1204 2197 4,
1240 2134 1328 2194 95).
1374 2137 1422 2182 si
1452 2149 1575 2182 uero
1608 2137 1935 2197 magistratus
1966 2149 2063 2194 pro
2096 2148 2190 2195 po-

267 2209 384 2270 pulo
409 2204 608 2268 agebat,
637 2207 785 2252 etiam
807 2205 1042 2265 priuatas
1070 2209 1257 2250 tantum
1282 2207 1602 2250 sacramento
1634 2200 2066 2264 interr-oyabatur.
2114 2201 2190 2249 id-

183 2320 212 2341 q,
267 2290 360 2340 que
394 2287 597 2335 semper
621 2272 797 2332 fiebat,
835 2286 939 2317 cum
974 2286 1043 2318 ex
1076 2271 1185 2332 Ieye
1221 2270 1394 2334 aliqua
1428 2284 1548 2327 eum,
1585 2270 1672 2333 qui
1702 2275 1884 2317 contra
1917 2270 2072 2331 teyem
2104 2268 2190 2329 fe·

268 2343 435 2401 cisset,
463 2343 513 2387 e'n
536 2355 737 2388 sacrum
761 2339 990 2386 iudicare
1015 2338 1196 2387 licebat
1221 2338 1279 2385 id
1300 2342 1376 2385 est
1406 2342 1456 2383 nt
1483 2353 1514 2385 a
1546 2340 1845 2401 magistratu
1867 2340 2188 2386 sacramento

268 2411 694 2471 interroyaretur,
737 2422 792 2455 se
836 2412 1016 2454 contra
1057 2408 1212 2469 Iegem
1253 2419 1353 2453 non
1392 2406 1622 2465 fecisse'.
1685 2403 1789 2466 (Cf.
1828 2405 1946 2452 Lea:
1989 2403 2079 2451 Sit.
2124 2405 2189 2451 de

266 2477 420 2540 pond.
457 2477 600 2536 apud
630 2475 768 2523 Fest.
803 2490 845 2527 υ,
873 2473 1017 2522 Publ.
1042 2473 1278 2535 pondera
1307 2488 1359 2534 p.
1386 2480 1478 2519 246.
1529 2472 1649 2519 Lex
1682 2472 1744 2519 de
1779 2470 1933 2531 infer.
1969 2486 2013 2517 v.
2049 2479 2073 2517 6
2109 2466 2190 2531 [Ο.

269 2545 316 2593 Ι.
346 2545 408 2592 L.
437 2543 484 2590 I.
512 2553 628 2591 1409.
657 2559 708 2605 p.
732 2550 823 2591 263.
873 2538 977 2588 Cic.
1006 2542 1069 2588 de
1102 2555 1214 2600 rep.
1248 2549 1291 2593 2,
1318 2547 1382 2586 35.
1435 2539 1572 2586 Fest.
1597 2554 1641 2585 υ.
1670 2536 2065 2592 Sacramentum,
2094 2534 2194 2582 Sa-

263 2619 523 2661 cramenta
548 2627 600 2673 p.
624 2619 715 2659 34⁷.
742 2618 833 2657 344.
864 2606 1036 2667 Mau.)
1141 2603 1182 2667 3)
1211 2606 1303 2653 Aa
1322 2604 1887 2665 sententiam-supplevi.

268 2778 366 2825 pro
392 2762 504 2811 Miz.
531 2771 596 2810 27.
634 2775 731 2823 pro
758 2758 908 2809 Gaec.
946 2767 1011 2806 33.
1050 2755 1103 2819 3,
1138 2767 1204 2806 97.
1238 2758 1290 2804 in
1324 2755 1476 2803 Verr.
1504 2765 1545 2816 2,
1574 2768 1610 2812 1,
1636 2764 1702 2808 45,
1739 2752 1790 2817 3.
1817 2764 1905 2808 118.
1955 2756 2020 2803 de
2054 2760 2190 2804 orat.

181 2886 185 2891 ⁴
271 2843 309 2888 1,
335 2841 399 2879 10.
434 2827 485 2892 3.
511 2838 579 2878 42.
612 2843 711 2891 pro
738 2828 881 2876 domo
906 2835 973 2874 29.
1012 2822 1065 2887 3.
1094 2834 1159 2875 78.
1204 2826 1267 2872 de
1292 2838 1402 2885 rep.
1426 2833 1467 2884 2,
1492 2832 1556 2876 35.
1593 2821 1644 2886 3.
1671 2832 1739 2873 6ο.
1785 2824 1856 2871 ad
1874 2822 2034 2884 famil.
2060 2832 2100 2883 7,
2125 2832 2189 2874 32.

269 2898 465 2947 Arnob.
494 2898 608 2945 adv.
631 2901 766 2958 ¹qent.
791 2904 833 2954 4,
863 2902 925 2945 16.
970 2892 1145 2941 Vater.
1169 2891 1321 2940 Mam.
1349 2901 1387 2947 7,
1414 2900 1456 2939 8.
1485 2888 1537 2953 3.
1561 2900 1603 2938 2.
1641 2901 1682 2951 8,
1709 2902 1746 2940 7.
1777 2887 1831 2953 3.
1854 2899 1895 2937 2.
2033 2884 2192 2971 §.1-1.

269 2966 352 3026 Cf.
387 2965 577 3018 Varro,
604 2963 743 3011 Fest.
773 2964 823 3013 11.
850 2975 923 3009 66.
968 2961 1006 3008 si
1034 2961 1091 3008 de
1117 2955 1356 3021 libertate]
1392 2959 1459 3020 cf.
1489 2959 1600 3006 Liv.
1634 2967 1673 3014 3,
1700 2968 1751 3007 44
1772 2972 1880 3022 seq.
2018 2954 2190 3022 3.15.

267 3033 351 3093 Gf.
404 3033 578 3082 Vater.
630 3029 786 3079 Prob.
828 3040 868 3076 4.
909 3040 1111 3075 cam-vs
1151 3023 1283 3090 svn]
1324 3026 1394 3083 cf.
1439 3021 1492 3091 S.
1537 3035 1600 3075 16.
1637 3043 1680 3077 υ.
1720 3039 1941 3082 ρηιωο
1973 3039 2192 3076 Imvnu

265 3111 675 3149 vtxn1cAv1s'r1.
746 3098 804 3146 ad
848 3092 1083 3160 iudicem]
1127 3094 1198 3154 cf.
1241 3092 1294 3157 3.
1339 3103 1403 3143 18.
1458 3095 1534 3143 die
1576 3091 1721 3156 xxx.]
1764 3094 1830 3156 cf.
1875 3093 2044 3144 Schol.
2086 3094 2190 3143 Cic.

279 3168 433 3216 Verr.
469 3177 508 3222 2,
545 3176 583 3221 1,
618 3176 658 3217 9.
695 3162 746 3226 3.
767 3174 816 3213 26
843 3162 984 3211 Bait.
1035 3179 1116 3227 per
1150 3163 1301 3224 legem
1339 3159 1592 3226 Pinariam]
1628 3170 1753 3225 puta
1785 3163 1919 3211 illam
1967 3163 2195 3212 Varroni

265 3236 412 3298 apud
443 3232 679 3285 Macrob.
707 3231 817 3280 Sat.
844 3243 882 3291 1,
912 3240 959 3279 13
985 3232 1079 3291 fin.
1114 3237 1434 3280 memoratam
1467 3232 1717 3294 latamque
1749 3247 1796 3280 a.
1830 3247 1879 3281 u.
1913 3240 2028 3285 282..
2063 3243 2193 3293 quae

267 3305 322 3352 in
346 3301 694 3364 computandis
727 3299 804 3348 bis
835 3311 937 3347 xxx
967 3298 1141 3347 diebus
1174 3299 1325 3347 etiam
1355 3298 1682 3347 intercalaris
1713 3298 1961 3346 rationem
1985 3303 2036 3345 et
2058 3310 2193 3342 men-

270 3371 455 3419 tionem
488 3367 672 3416 babuz‘t.
726 3368 845 3416 Alia
880 3365 1068 3429 probat
1093 3365 1382 3414 Mommsen.
1420 3364 1659 3414 Cbronol.
1691 3380 1739 3421 p.
1767 3372 1858 3409 252.
1890 3359 1990 3424 [288
2014 3363 2096 3409 ed.
2126 3356 2191 3420 1.]

266 3431 708 3501 comperendinurn]
753 3434 821 3495 cf.
863 3435 1039 3482 Valer.
1078 3432 1230 3482 Prob.
1266 3444 1306 3480 4.
1363 3431 1466 3480 Cic.
1501 3446 1601 3493 pro
1638 3429 1776 3476 Mur.
1811 3437 1859 3475 12
1886 3429 1978 3487 fin.
2022 3425 2192 3477 Schol.

270 3505 377 3556 Cic.
398 3507 430 3556 I.
455 3520 502 3554 c.
533 3502 762 3551 Macrob.
788 3502 899 3550 Sat.
916 3514 950 3558 1,
972 3510 1034 3553 16.
1065 3500 1111 3547 F
1108 3506 1200 3548 est.
1220 3517 1261 3552 υ,
1291 3499 1389 3547 Res
1408 3495 1858 3558 comperendinata
1875 3503 2034 3554 ρ.282.
2066 3492 2190 3540 Gen.

266 3583 309 3630 7,
338 3585 377 3621 1.
414 3582 478 3633 1ο,
502 3581 569 3619 24.
609 3571 724 3618 Ptin
769 3585 849 3633 ep.
874 3579 914 3625 5,
940 3580 963 3618 9
992 3564 1101 3632 (21).
1145 3581 1315 3614 causae
1352 3559 1607 3621 coniectio]
1643 3559 1710 3619 cf.
1747 3558 1912 3606 Senot.
1951 3558 2050 3607 Cic.
2087 3560 2116 3605 l.
2146 3573 2192 3606 c.

2212 1013 2322 1062 192.
