2546 3928
979 247 1098 282 Gan
1140 247 1347 282 msa-rr.
1390 233 1432 282 1.
1473 235 1517 282 l.
2133 234 2214 291 23

273 366 402 416 dam
440 367 616 430 ipsius
654 366 959 432 apographi
989 366 1326 417 Veronensis
1363 367 1754 432 speciminibus
1790 369 1993 434 passim
2031 368 2218 435 publi-

273 435 419 484 catis
467 432 796 484 confirmata
843 439 989 497 sunt,
1039 433 1289 485 dubitari
1336 449 1444 484 non
1489 435 1641 495 licet,
1689 451 1798 486 non
1843 437 2019 487 solum
2064 436 2214 486 haud

273 517 471 566 panca,
527 516 670 565 quae
719 501 927 566 priores
983 501 1190 552 codicis
1245 509 1584 552 scrutatores
1637 504 1855 553 omnino
1908 502 2213 565 latuerant,

277 568 346 619 ab
387 584 452 618 eo
488 568 636 620 lecta
675 584 816 630 esse,
854 568 954 619 sed
981 569 1150 620 etiam
1188 568 1366 634 plura,
1408 569 1689 620 oculorum
1726 573 1848 620 acie
1885 570 1969 620 ita
2006 572 2213 622 certius

273 638 501 701 cognita
538 652 605 686 ac
643 636 897 696 definita,
941 642 1004 687 ut
1048 651 1182 701 quos
1219 635 1304 685 illi
1350 639 1408 686 in
1454 637 1690 688 schedas
1735 653 1865 687 suas
1909 638 2215 689 retulerant

276 704 585 754 litterarum
610 704 807 755 ductus
833 704 1138 769 quibusque
1169 704 1238 765 ei,
1279 705 1372 768 qui
1397 707 1718 756 coniectura
1742 706 1976 756 lacunas
2002 706 2214 772 replere

272 773 601 834 conabatur,
658 772 835 822 adhuc
887 772 1153 823 utendum
1198 778 1337 833 erat,
1391 772 1832 837 inexspectatum
1889 775 1945 823 in
1998 774 2216 824 modum

272 839 639 904 corrigantur,
680 844 737 890 et
773 855 921 890 nunc
956 839 1188 896 demum,
1228 838 1363 902 quid
1390 853 1607 905 quoque
1645 839 1767 891 loco
1796 841 2061 907 scriptum
2090 856 2213 892 esse

272 907 520 972 potuerit
556 907 645 958 vel
680 923 807 965 non,
845 912 966 958 tuto
1002 910 1246 957 statuere
1284 906 1476 957 liceat.
1520 908 1716 973 Itaque
1754 908 1857 958 hoc
1896 908 2214 958 adiumento

268 975 570 1024 destitutus
606 977 827 1026 nonnisi
862 976 1198 1026 necessitate
1237 981 1465 1026 coaetus
1501 976 1709 1026 invitus
1745 982 1917 1040 atque
1954 976 2217 1041 ingratiis

271 1042 344 1091 ad
383 1042 689 1092 iterandam
735 1042 875 1092 hanc
921 1043 1217 1093 editionem
1262 1043 1560 1108 adgressus
1595 1058 1730 1104 sum,
1775 1045 1957 1094 animo
1994 1043 2214 1094 scilicet

271 1112 633 1175 prospiciens,
681 1126 805 1160 mox
849 1111 987 1172 fore,
1031 1116 1094 1161 ut
1140 1111 1410 1174 quaedam
1457 1113 1517 1160 in
1562 1126 1630 1161 ea
1674 1111 2062 1163 desiderentur
2107 1110 2211 1161 ali-

270 1177 419 1227 unde
456 1177 713 1242 petenda,
761 1177 891 1241 alia,
938 1195 1005 1229 ex
1042 1177 1319 1244 prioribus
1354 1177 1692 1230 editionibus
1736 1183 1974 1241 retenta,
2013 1179 2213 1229 certio-

268 1246 427 1296 ribus
473 1251 530 1295 et
575 1246 897 1299 melioribus
941 1245 1138 1299 cedere
1185 1244 1446 1297 debeant.
1525 1246 1785 1296 Ceterum
1827 1244 1935 1296 hac
1988 1246 2214 1296 fortuna

272 1313 480 1363 adduci
517 1328 602 1362 me
640 1328 840 1378 passus
876 1328 984 1365 non
1012 1328 1151 1374 snm,
1189 1317 1250 1362 ut
1287 1313 1506 1365 interim
1531 1314 1752 1365 omnino
1779 1318 1994 1364 tantum
2022 1315 2214 1379 priora

269 1386 591 1446 repeterem.
651 1381 860 1432 Saltem
888 1396 1027 1446 quae
1066 1381 1240 1446 potui,
1278 1381 1531 1448 supplevi
1556 1387 1615 1431 et
1640 1381 1928 1432 emendavi
1954 1382 2213 1431 maxime-

268 1465 407 1514 que,
455 1463 592 1512 quae
644 1464 710 1498 ex
758 1448 1120 1500 Studemundi
1164 1448 1486 1513 apographo
1531 1449 1624 1499 vel
1669 1450 1792 1514 ipso
1837 1448 2108 1513 (maxime
2154 1451 2212 1498 in

267 1514 732 1581 <Mittheilungen
779 1515 990 1579 antIqu.
1035 1514 1254 1565 Inbalts
1301 1530 1349 1563 a.
1390 1515 1440 1564 d.
1478 1515 1882 1579 Palimpsesten
1926 1514 1978 1564 d.
2014 1514 2211 1564 Gaius'

273 1584 434 1647 Lips.
476 1581 625 1637 1869)
670 1580 763 1632 vel
798 1581 925 1631 aliis
967 1581 1077 1630 fide
1125 1581 1310 1646 dignis
1355 1579 1572 1645 publice
1609 1582 1940 1645 privatimve
1975 1597 2210 1632 commu·

270 1649 600 1701 nicantibus
638 1650 694 1698 in
719 1649 976 1699 notitiam
1003 1664 1178 1699 meam
1203 1649 1596 1713 pervenerant,
1632 1650 1690 1698 in
1727 1664 1838 1698 rem
1875 1663 2050 1699 meam
2089 1664 2214 1699 con·

269 1718 436 1769 verti.
523 1718 645 1779 Qua
690 1717 909 1766 ratione
957 1723 1108 1767 certe
1156 1714 1482 1780 quibusdam
1528 1715 1667 1766 locis
1715 1717 1854 1767 haee
1901 1717 2072 1767 editio
2120 1716 2213 1766 vel

274 1783 609 1849 locupletior
652 1783 741 1835 vel
788 1785 1128 1835 emendatior
1174 1782 1475 1849 reperietur
1517 1783 1672 1835 velut
1714 1785 1758 1837 1.
1806 1783 2079 1836 32b-35.
2128 1785 2210 1835 78.

271 1857 359 1906 95.
408 1855 519 1903 112.
580 1852 654 1904 11.
703 1854 815 1902 120.
870 1854 982 1903 151.
1027 1851 1131 1903 111.
1177 1852 1263 1902 43.
1308 1853 1391 1901 44.
1433 1852 1515 1906 47.
1570 1853 1664 1902 1v.
1703 1854 1784 1905 15.
1827 1856 1933 1905 17³.
1975 1855 2057 1903 95.
2098 1854 2213 1906 152.

278 1922 391 1972 166.
451 1920 512 1970 In
551 1920 906 1971 adnotat-ione
943 1935 1079 1972 vero
1105 1921 1352 1970 codicem
1377 1915 1751 1972 veronensem
1779 1936 1813 1971 a
1838 1919 2220 1972 Studemundo

271 1993 583 2055 inspectum
621 1988 726 2038 hac
760 1994 895 2039 nota
938 1988 1036 2041 V„
1071 1986 1387 2054 significavi
1424 1994 1479 2038 et
1516 1987 1764 2039 distinxi.

115 2279 250 2349 [101]
1103 2254 1390 2321 GAII

561 2377 1259 2440 INSTITVTIONVM
1314 2378 1547 2439 IVRIS
1608 2377 1929 2439 CIVILIS

758 2494 1280 2546 COMMENTARH
1315 2493 1720 2556 QvA'r‘rvon.

853 2682 1341 2726 consummans
1384 2680 1633 2725 minvs,

399 2789 438 2844 1,
507 2789 595 2837 DE
619 2796 772 2837 IVRE
796 2794 1082 2837 GENTJVM
1110 2793 1193 2835 ΕΤ
1213 2792 1413 2838 c1VJLl.
1482 2781 1531 2840 1.
1580 2783 1824 2842 ‘Omnes
1854 2787 2075 2857 populi,
2110 2788 2212 2857 qui
2231 2743 2342 2846 rig.

269 2876 493 2950 leqibus
545 2880 599 2929 et
648 2872 897 2929 moribus
940 2878 1242 2945 reyuntur,
1281 2873 1502 2943 parlim
1542 2886 1645 2926 suo
1680 2873 1947 2942 proprie,
1987 2864 2392 2939 pammac-Ver·

272 2962 556 3015 communi
599 2960 841 3014 omnium
883 2958 1167 3014 hominum
1203 2958 1332 3011 iure
1366 2961 1637 3010 utuntur.-
1680 2972 1815 3009 nam
1846 2955 2001 3027 quod
2030 2946 2212 3028 quis¹·

268 3060 381 3117 quc
421 3043 656 3116 populus
699 3042 816 3114 ipse
860 3041 959 3100 sibi
1003 3042 1086 3096 ius
1120 3039 1426 3105 constituit,
1471 3038 1524 3093 id
1557 3039 1728 3111 ipsius
1760 3032 2082 3112 proprium²
2125 3047 2213 3094 est

269 3135 613 3201 uocaturque
652 3127 738 3181 ius
780 3126 964 3202 ciuile,
1020 3124 1173 3196 quasi
1215 3125 1300 3179 ius
1345 3124 1624 3197 proprium
1681 3117 2007 3186 ³ciu2’tat2’s5
2060 3125 2216 3196 quod

416 3291 455 3356 ¹)
494 3292 674 3358 sappi.
709 3308 779 3344 ea:
807 3293 867 3343 L.
893 3302 918 3342 9
946 3291 1007 3340 Ι).
1031 3292 1117 3343 cic.
1219 3286 1264 3354 ²)
1304 3290 1512 3339 ciuitatis
1548 3290 1669 3338 add.
1696 3288 1826 3338 lust.
1854 3287 1986 3337 Inst.
2015 3293 2066 3335 et
2092 3286 2211 3351 Diq.

262 3361 311 3424 ³)
356 3363 533 3425 ipsius,
560 3362 697 3426 quod
718 3363 766 3415 Ιι.
793 3362 824 3409 l.
843 3363 1051 3424 priores
1074 3357 1334 3408 addebant
1359 3357 1479 3407 edd.
1506 3371 1576 3405 eae
1601 3355 1752 3418 lust„
1778 3355 1922 3404 abest
1948 3371 1980 3402 α
2014 3353 2065 3399 V
2064 3353 2125 3403 ss.

410 3511 463 3580 ἓ.
493 3515 536 3564 1.
563 3534 629 3554 ==
654 3511 706 3577 S.
733 3523 771 3564 1.
819 3512 868 3561 I.
903 3514 967 3562 de
1000 3513 1110 3561 iure
1144 3517 1249 3559 nat.
1285 3506 1349 3572 (1,
1373 3506 1438 3571 2),
1488 3507 1544 3555 L.
1570 3517 1611 3555 9.
1658 3506 1720 3555 D.
1748 3505 1811 3551 de
1840 3503 1996 3550 inscie.
2027 3505 2076 3547 et
2101 3501 2216 3548 iure

264 3581 336 3650 (1,
366 3582 432 3645 1).
469 3580 550 3644 Cf.
577 3581 669 3630 Fr.
700 3580 896 3631 Dosith.
925 3590 963 3633 1.
994 3579 1055 3631 L.
1083 3591 1104 3626 1
1125 3593 1210 3641 pr.
1237 3574 1308 3627 D.
1335 3576 1399 3623 de
1424 3589 1540 3635 aeq.
1564 3586 1670 3621 rer.
1700 3571 1830 3618 dom.
1858 3568 1947 3629 (41,
1975 3564 2036 3627 1).
