2546 3928
911 234 1026 269 Gan
1061 236 1259 273 msrrr.
1300 222 1399 274 ΙΙΙ.
1440 225 1518 271 57.
2064 223 2187 278 139

244 378 458 430 summ,
493 358 559 415 de
592 376 699 433 quo
732 359 837 415 alio
870 359 992 414 loco
1025 359 1278 431 (inritum,
1322 377 1437 431 θος,
1486 363 1576 433 qui
1609 378 1750 417 nunc
1778 362 1951 417 Latini
1984 363 2185 418 iuniani

244 446 536 515 dicuntur,
594 444 719 499 olim
767 460 829 498 ex
870 445 988 499 iure
1032 441 1316 510 Quiritium
1361 453 1555 500 seruos
1599 445 1796 516 fuisse,
1850 448 1943 507 sed
1989 447 2185 502 auxilio

241 530 514 603 praetoris
561 529 612 584 in
655 527 921 583 libertatis
964 527 1135 582 forma
1177 530 1384 583 seruari
1427 529 1648 593 solitos;
1708 530 1851 585 unde
1894 531 2053 586 etiam
2097 547 2184 585 res

244 630 434 669 eorum
492 613 686 686 peculii
731 613 848 667 iure
893 612 955 667 ad
1001 620 1262 685 patronos
1306 615 1579 685 pertinere
1624 614 1782 669 solita
1826 622 1938 669 est:
1994 623 2182 687 postea

246 713 383 752 uero
425 713 521 770 per
563 697 741 770 legem
772 697 975 751 Iuniam
1020 713 1114 751 eos
1159 713 1368 768 omnes,
1413 714 1550 770 quos
1590 706 1812 771 praetor
1852 700 1905 752 in
1938 698 2186 754 libertate

245 780 520 852 tuebatur,
554 780 755 836 liberos
776 797 896 836 esse
920 782 1167 853 coepisse
1199 789 1254 835 et
1285 781 1586 854 appellatos
1620 798 1740 837 esse
1762 782 1982 837 Latinos
2015 783 2187 838 lunia-

243 882 379 935 nos;
435 865 655 921 Latinos
702 865 845 936 ideo,
901 866 1022 937 quia
1069 865 1155 920 lex
1198 881 1292 920 eos
1338 864 1536 922 liberos
1579 865 1806 940 perinde
1848 883 1968 921 esse
2009 867 2185 923 uoluit

245 959 409 1023 atque
456 952 498 1005 si
540 958 721 1005 essent
764 951 911 1005 ciues
943 947 1170 1004 Romani
1214 951 1461 1023 ingenui,
1507 953 1596 1024 qui
1641 966 1706 1006 ex
1751 949 1882 1005 urbe
1924 949 2088 1006 Roma
2128 952 2185 1006 in

245 1032 460 1090 Latinas
522 1034 759 1090 colonias
814 1033 1061 1104 deducti,
1116 1032 1288 1091 Latini
1341 1034 1618 1090 coloniarii
1674 1051 1793 1091 esse
1853 1043 2181 1109 coeperunt3

245 1118 498 1175 lunianos
530 1118 671 1188 ideo,
705 1120 828 1191 quia
857 1135 956 1190 per
986 1118 1163 1191 legem
1194 1118 1397 1174 luniam
1429 1118 1608 1175 liberti
1641 1120 1764 1175 sacti
1795 1128 1944 1188 sunt,
1977 1121 2183 1176 etiamsi

248 1219 355 1257 non
401 1205 545 1259 ciues
588 1201 832 1258 Romani.
907 1196 1142 1274 ’ςμιαῐ-εῑι
1185 1202 1342 1276 ’legis
1386 1203 1573 1259 Iuniae
1616 1205 1795 1259 Iuniae
1837 1191 2182 1260 lator2‘cum

105 1299 230 1355 [222]
252 1286 599 1361 intellegeret
640 1286 903 1357 futurum,
959 1295 1016 1339 ut
1060 1302 1121 1339 ea
1162 1284 1379 1342 fictione
1423 1304 1511 1343 res
1541 1288 1854 1343 Latinorum
1899 1287 2182 1343 defuncto-

245 1388 364 1426 rum
409 1372 472 1426 ad
515 1378 779 1444 patronos
822 1370 1096 1441 pertinere
1136 1369 1467 1441 desinerent,
1512 1371 1580 1425 ob
1612 1373 1688 1443 id,
1731 1373 1884 1442 quod
1913 1386 2095 1444 neque
2128 1379 2185 1427 ut

245 1456 392 1510 serui
424 1453 769 1523 decederent,
814 1462 872 1507 ut
902 1459 1129 1526 possent
1161 1456 1289 1509 iure
1310 1454 1526 1524 peculii
1552 1470 1639 1509 res
1683 1470 1870 1509 eorum
1904 1450 1967 1509 a'ti
1997 1462 2180 1529 patro-

241 1555 347 1594 nos
393 1540 687 1611 pertinere,
732 1553 907 1608 neque
967 1530 977 1613 Ι
1032 1534 1209 1591 liberti
1252 1537 1425 1591 Latini
1485 1539 1718 1593 hominis
1767 1536 1914 1593 hona
1958 1548 2181 1611 possent
2202 1551 2327 1596 141-

241 1622 686 1676 manumissionis
727 1622 844 1675 iure
875 1620 939 1675 ad
970 1627 1232 1692 patronos
1265 1622 1559 1694 pertinere,
1591 1623 1953 1677 necessarium
1984 1627 2183 1679 existi-

241 1708 450 1775 mauit,
483 1722 548 1760 ne
579 1702 897 1760 heneficium
929 1706 1048 1760 istis
1080 1705 1261 1760 (latum
1294 1707 1347 1759 in
1378 1706 1623 1761 iniuriam
1647 1713 2023 1778 patronorum
2056 1724 2186 1764 con·

242 1794 577 1858 uerteretur,
622 1805 835 1859 cauere,
889 1797 945 1844 ut
988 1790 1155 1846 ’bona
1196 1791 1399 1845 horum
1441 1783 1800 1846 libertorum3
1845 1791 2074 1864 proinde
2117 1791 2181 1848 ad

242 1874 666 1929 manumissores
720 1875 1086 1946 pertinerent,
1143 1892 1204 1930 ac
1247 1875 1292 1928 si
1336 1875 1421 1930 lex
1475 1875 1579 1930 lata
1623 1893 1732 1932 non
1777 1884 1946 1932 esset:
2000 1878 2182 1950 itaque

243 1960 364 2014 iure
411 1956 807 2032 quodammodo
861 1958 1057 2032 peculii
1111 1959 1250 2015 hona
1292 1957 1607 2015 Latinorum
1651 1960 1712 2015 ad
1762 1963 2180 2016 manumissores

245 2059 328 2099 ex
377 2045 495 2098 iure
540 2038 878 2109 Quiritium
923 2045 1215 2116 pertinent.
1327 2039 1418 2098 5⁹7.
1490 2044 1645 2099 Unde
1688 2052 1956 2115 apparet,
2005 2061 2183 2117 quan-

386 2223 423 2286 1)
461 2226 565 2281 nffi·
591 2224 771 2274 Sched.
799 2223 883 2273 BI.
924 2232 1109 2287 nlpmr
1143 2223 1329 2273 Sched.
1372 2225 1581 2275 Goesclz.
1622 2239 1729 2273 nam
1754 2233 1945 2288 praetor
1979 2226 2081 2286 lege
2106 2226 2179 2275 Iu-

247 2293 326 2341 nia
355 2294 453 2341 lata
476 2295 555 2342 ed.
582 2291 683 2354 By.
727 2292 833 2341 Sed
856 2308 947 2341 nec
973 2308 1081 2342 nam
1104 2293 1249 2341 huius
1276 2294 1376 2342 loci
1397 2300 1489 2349 ese,
1518 2308 1609 2341 nec
1634 2301 1822 2356 praetor
1845 2295 1995 2343 etiam
2020 2294 2180 2343 Iusti-

246 2361 399 2410 niana
424 2362 475 2408 in
500 2360 596 2409 hac
620 2376 677 2408 re
704 2357 790 2424 (L.
811 2376 893 2409 un.
913 2376 995 2423 pr.
1023 2359 1076 2423 S.
1097 2371 1160 2410 13.
1201 2360 1255 2409 C.
1283 2363 1346 2409 de
1373 2361 1492 2409 Lac.
1518 2360 1603 2410 lib.
1624 2370 1664 2419 7,
1687 2360 1735 2424 ὃ)
1762 2363 2056 2425 iqnoratus,·
2081 2363 2184 2424 ipsi

248 2429 376 2475 enim
402 2429 502 2488 Ieyi
519 2427 701 2476 Iuniae
726 2428 819 2477 hoc
844 2429 918 2477 ius
943 2428 1241 2478 attribuitur
1266 2428 1330 2490 (3,
1356 2438 1421 2478 70.
1446 2438 1511 2477 57.
1539 2426 1590 2490 S.
1615 2441 1655 2477 4.
1692 2428 1741 2477 I.
1767 2434 1830 2479 de
1853 2443 1989 2477 succ.
2013 2428 2180 2488 libere.

246 2504 288 2551 3,
314 2492 375 2555 7),
410 2510 502 2544 nec
522 2502 742 2558 praetor·
766 2503 851 2543 aut
877 2498 954 2543 ius
982 2493 1244 2554 Quiritium
1277 2496 1328 2542 in
1356 2496 1543 2543 Latino
1576 2511 1673 2557 per
1697 2496 2083 2546 vindicationem
2108 2497 2181 2542 le-

245 2562 462 2625 qandum
489 2561 551 2625 (2,
579 2561 671 2624 195)
698 2577 792 2610 nec
823 2564 902 2610 ius
935 2563 1190 2626 antiquum
1225 2556 1289 2623 (3,
1315 2562 1389 2621 63)
1417 2561 1600 2622 facere
1622 2568 1845 2625 poterat.
1885 2566 2071 2613 uterum
2097 2562 2179 2609 ed.

246 2644 355 2678 mea
379 2631 555 2692 prior:
581 2646 681 2694 qua
702 2630 959 2692 particula
987 2628 1160 2677 Gaium
1186 2627 1258 2675 uti
1283 2643 1381 2677 non
1414 2629 1601 2690 solere,
1630 2634 1812 2692 postea
1846 2629 2185 2677 animadverti

247 2697 340 2758 (cf.
354 2704 520 2762 tamen
543 2713 672 2746 nune
692 2692 857 2759 2151).
898 2710 1005 2745 nam
1030 2698 1231 2759 primum
1253 2696 1334 2743 ed.
1348 2693 1446 2758 By.
1465 2704 1505 2745 5.
1547 2698 1716 2745 nescio
1745 2711 1841 2761 quo
1864 2710 2016 2744 sensu
2040 2696 2184 2745 verbi

244 2766 554 2827 posterioris
589 2767 736 2814 etiam
770 2779 1018 2829 nunquam
1054 2765 1125 2812 ita
1159 2764 1340 2812 notati.
1390 2762 1537 2811 Nunc
1559 2764 1635 2812 sic
1657 2771 1843 2824 statuo,
1873 2764 2016 2811 initio
2044 2779 2087 2812 υ.
2112 2774 2178 2812 20.

248 2847 377 2896 quae
409 2834 460 2881 in
487 2830 671 2882 Sched.
704 2833 889 2895 legitur
922 2841 1059 2893 noea,
1097 2845 1207 2879 esse
1233 2831 1314 2893 ξῑ·;
1351 2846 1376 2879 n
1404 2845 1524 2879 vero
1550 2829 1602 2879 in
1620 2833 1727 2893 fine
1749 2848 1797 2880 υ.
1821 2841 1886 2881 19.
1922 2844 2028 2877 cum
2053 2845 2185 2879 nunc

248 2901 466 2950 evanida
501 2901 531 2957 i,
571 2915 699 2964 quae
730 2899 1049 2963 sequebatur,
1084 2898 1349 2961 pertinere
1382 2899 1452 2946 ad
1484 2900 1862 2949 antecedentem
1887 2904 2055 2946 notam
2080 2898 2181 2947 &ni

246 2987 313 3008 ---·
340 2969 472 3017 ciues
499 2968 711 3018 Romani.
783 2965 831 3030 ²)
868 2966 923 3015 C.
951 2967 1258 3029 scripturam
1282 2966 1473 3015 retinui
1496 2964 1700 3026 ‘Gaius'
1726 2983 1778 3029 p.
1801 2977 1867 3015 59.
1897 2979 1989 3013 nec
2014 2966 2066 3014 in
2091 2967 2182 3017 du·

246 3036 370 3097 plici
402 3036 600 3084 nomine
631 3036 756 3097 Ieyis
789 3036 1029 3083 insulsam
1065 3034 1162 3094 (cf.
1192 3029 1244 3098 S.
1273 3035 1373 3094 ¹15),
1418 3049 1708 3098 quamquam
1743 3036 1799 3084 id
1830 3036 1977 3084 etiam
2013 3036 2187 3085 errori

246 3102 450 3151 librarii
475 3103 631 3151 tribui
651 3107 835 3164 potest.
943 3100 985 3163 ³)
1024 3100 1114 3151 Ex
1141 3101 1351 3151 Goesch.
1377 3102 1444 3163 vj.
1471 3117 1558 3151 res
1585 3104 1884 3153 Latinorum
1918 3102 2184 3163 defuncto·

251 3186 350 3219 rum
386 3171 466 3221 ed.
506 3169 604 3233 By.
640 3180 682 3218 5.
795 3169 837 3231 ⁴)
877 3171 1038 3232 esim*
1073 3168 1131 3219 Ο.
1181 3172 1417 3218 ‘exinde’
1452 3172 1531 3219 ed.
1560 3169 1676 3235 By„
1707 3187 1813 3222 vox
1837 3187 1934 3221 non
1968 3171 2182 3224 Gaiana.

250 3241 464 3287 ‘eorum’
493 3239 572 3286 ed.
599 3252 708 3284 mea
732 3239 880 3300 prior
905 3253 974 3286 ecc
1002 3237 1211 3289 Goeselz.
1237 3239 1308 3298 (η’.
1339 3254 1468 3302 quae
1489 3245 1652 3288 tamen
1673 3241 1922 3303 premitur
1946 3236 2070 3301 Byii
2093 3253 2180 3286 ar-

245 3306 493 3368 gumentis
536 3306 616 3353 ed.
651 3313 710 3359 5..
748 3311 967 3353 ceterum
1000 3305 1148 3353 etiam
1181 3308 1436 3362 infelicius
1470 3315 1727 3369 coeperunt
1758 3308 1996 3370 pertinere
2029 3305 2182 3353 conii-

249 3374 441 3422 cientis.
495 3372 682 3436 Itaque
707 3387 836 3421 nunc
868 3373 1109 3436 scriptum
1139 3372 1303 3434 fuisse
1325 3380 1478 3437 puto.-
1514 3376 1667 3436 exiqu.
1693 3392 1762 3415 =
1787 3388 1856 3421 ex
1880 3373 1990 3419 iure
2017 3368 2183 3429 Quiri·

255 3525 447 3576 Dosilh.
485 3535 522 3575 5.
560 3534 597 3575 6.
641 3523 756 3584 Uip.
794 3536 832 3585 1,
870 3533 938 3572 10.
987 3523 1054 3572 L.
1089 3540 1171 3572 un.
1200 3540 1287 3588 pr.
1320 3523 1374 3573 Ο.
1412 3525 1474 3571 de
1501 3523 1618 3569 Lat.
1656 3519 1737 3571 lib.
1776 3523 1881 3568 toll.
1913 3517 1974 3579 (7,
2000 3517 2066 3577 6).
2103 3532 2185 3564 ne-

253 3607 338 3655 que
362 3594 442 3642 lib.
473 3594 572 3641 Lat.
600 3588 722 3657 etc]
749 3593 814 3655 ef,
845 3593 906 3641 L.
934 3591 1075 3640 Flav.
1105 3589 1249 3654 Salp.
1277 3606 1319 3640 c.
1346 3599 1414 3637 23.
