2546 3928
839 197 959 233 Gau
992 199 1172 232 ms'rrr.
1213 185 1285 232 11.
1325 186 1623 237 144-147.
2119 183 2200 240 97

269 341 403 379 uero
460 324 615 378 heres
663 325 716 378 iu
770 340 835 378 eo
879 324 1113 396 scriptus
1158 330 1242 379 ost
1286 323 1371 378 uel
1414 323 1794 395 exheredatus,
1848 341 1955 380 non
2001 326 2202 397 rumpit

269 416 681 479 testamentum,
726 425 791 462 ne
822 405 1030 462 scilicet
1072 407 1369 481 diligenter
1400 406 1538 463 sacta
1571 415 1890 462 testamenta
1935 408 2202 464 rescinde-

269 502 477 563 rentur,
513 493 641 565 'quo
668 499 911 565 tempore
935 485 1085 547 iam¹
1118 493 1370 547 renouari
1397 509 1507 547 non
1529 500 1770 565 possent.
1845 489 1976 547 144.
2015 492 2203 547 Poste-

268 578 412 632 riore
456 593 674 650 quoque
723 584 1068 644 testamentO,
1113 575 1257 650 quod
1300 578 1418 632 iure.
1458 576 1658 631 factum
1691 575 1896 653 fuerit,
1950 577 2200 650 superius

270 663 571 734 rumpitur3
607 678 707 717 nec
735 663 986 733 interest,
1018 677 1084 715 an
1108 661 1349 716 extiterit
1373 661 1565 734 aliquis
1591 677 1654 715 ex
1686 677 1750 716 eo
1783 661 1962 732 hereS,
1995 678 2060 717 an
2094 677 2200 717 non

271 746 537 801 extiterit:
561 746 677 822 ‘hoc
701 747 841 802 enim
862 745 1039 800 solum
1063 753 1363 819 spectatur,
1396 762 1459 800 an
1493 747 1724 800 existere
1752 747 2023 820 potuerit:
2054 745 2201 801 ideo·

271 846 377 903 que
419 832 462 885 si
505 831 626 903 quis
674 846 736 885 ex
777 832 1082 903 posteriore
1126 839 1475 900 testamento,
1519 829 1662 902 quod
1706 831 1822 885 iure
1865 831 2062 885 factum
2095 838 2199 900 est,

270 923 360 969 aut
401 915 641 970 noluerit
672 915 831 970 heres
863 931 999 984 esse,
1044 923 1135 970 aut
1179 917 1306 970 uiuo
1352 923 1634 986 testatore,
1680 923 1773 970 aut
1814 923 1940 988 post
1973 923 2197 969 mortem

267 1000 399 1070 eim,
436 1009 719 1072 antequam
751 998 1104 1055 hereditatem
1136 1001 1331 1070 adiret,
1375 999 1689 1070 decesserit,
1730 1008 1821 1054 aut
1852 1017 1949 1074 per
1991 1001 2199 1055 cretio-

266 1098 388 1138 nem
430 1083 679 1139 exclusus
722 1083 902 1153 fuerit,
948 1094 1039 1139 aut
1072 1085 1409 1155 condicione,
1452 1085 1551 1139 sub
1585 1101 1686 1157 qua
1718 1085 1875 1140 heres
1914 1085 2199 1140 institutus

269 1175 373 1238 est,
405 1167 648 1224 desectus
682 1170 773 1239 sit,
818 1178 910 1223 aut
940 1177 1168 1242 propter
1199 1168 1515 1227 caelibatum
1551 1184 1614 1223 ex
1645 1168 1768 1242 lege
1800 1169 1926 1224 Iulia
1960 1185 2197 1223 summo-

267 1260 355 1306 tus
388 1252 553 1308 suerit
586 1252 649 1308 ab
684 1252 1012 1309 hereditate:
1048 1254 1244 1325 quibus
1270 1252 1479 1308 casibus
1505 1252 1886 1326 paterfamilias
1910 1254 2199 1307 intestatus

263 1338 524 1392 moritur:
557 1353 678 1392 nam
711 1345 774 1392 et·
790 1338 939 1409 prius
968 1344 1353 1393 testamentum
1376 1354 1485 1392 nou
1511 1338 1675 1408 ualet,
1706 1343 1926 1408 ruptum
1960 1352 1986 1390 a
2018 1345 2200 1409 poste-

262 1421 430 1493 riore,
472 1429 526 1476 et
558 1422 831 1493 posterius
863 1437 1036 1493 aeque
1083 1419 1254 1475 nullas
1291 1422 1433 1476 uires
1477 1420 1656 1490 habet,
1697 1436 1819 1474 cum
1851 1436 1914 1474 ex
1945 1436 2009 1474 eo
2040 1437 2196 1475 nemo

263 1505 425 1560 heres
453 1505 709 1560 extiterit.
799 1501 923 1561 145.
973 1502 1090 1559 Alio
1125 1520 1345 1577 quoque
1368 1503 1529 1559 modo
1562 1512 1882 1560 testamenta
1913 1505 2028 1558 iure
2060 1504 2199 1559 facta

261 1587 629 1657 infirmantur,
674 1588 824 1643 uelut
866 1580 1091 1664 ’(cum)2
1135 1590 1199 1654 is,
1245 1589 1336 1661 qui
1369 1587 1555 1644 fecerit
1586 1595 1989 1657 testamentum,
2030 1590 2200 1661 capite

261 1671 564 1728 diminutus
609 1665 770 1741 ’sit33
811 1672 955 1746 quod
1002 1672 1198 1745 quibus
1242 1673 1417 1728 modis
1449 1672 1670 1745 accidat,
1713 1673 1888 1746 primo
1927 1689 2196 1728 commen-

259 1757 404 1812 tario
446 1757 676 1813 relatum
726 1765 826 1812 est.
921 1753 1049 1813 146.
1112 1757 1228 1814 Hoc
1269 1767 1446 1814 autem
1491 1774 1617 1813 casu
1657 1752 1837 1835 inlrita
1882 1756 1996 1813 fieri
2036 1766 2197 1812 testa·
2217 1752 2297 1815 91.

262 1851 441 1896 menta
473 1841 731 1914 dicemuS,
776 1859 894 1898 cum
927 1841 1164 1915 alioquin
1207 1852 1260 1898 et
1305 1859 1440 1917 quae
1471 1853 1814 1918 rumpuntur,
1858 1844 2014 1916 inrita
2050 1840 2198 1913 fiant,

265 1926 340 1999 (et
382 1942 531 2000 quae
572 1931 762 1985 statim
806 1929 877 1984 ab
909 1930 1067 1985 initio
1109 1945 1221 1984 non
1250 1931 1380 1985 iure
1409 1929 1576 1999 fiunt,
1613 1932 1792 1984 inrita
1825 1931 1936 1983 sint
1956 1951 1971 1989 ,·
2013 1928 2117 1982 sed
2145 1933 2198 1981 et

262 2028 355 2082 ea,
398 2029 546 2086 quae
576 2017 705 2069 iure
731 2012 900 2083 facta
944 2020 1078 2069 sunt
1110 2021 1163 2069 et
1192 2022 1395 2084 postea
1422 2020 1670 2083 propter
1712 2015 1923 2083 capitis
1959 2012 2197 2065 diminu-

263 2100 467 2154 tionem
498 2102 674 2154 inrita
704 2097 897 2169 simtu)
929 2106 1163 2169 possunt
1194 2096 1547 2151 nihilominus
1576 2104 1737 2169 rupta
1770 2094 1902 2150 dici:
1947 2093 2041 2148 sed
2075 2096 2197 2167 quia

261 2198 391 2237 sane
432 2182 768 2237 commodius
811 2189 922 2237 erat
963 2182 1204 2256 singulas
1247 2197 1434 2237 causas
1475 2180 1706 2255 singulis
1749 2176 2197 2253 appellationibus

261 2267 543 2340 distingui,
586 2266 707 2322 ideo
742 2266 999 2339 quaedam
1032 2283 1139 2322 non
1173 2268 1290 2322 iure
1321 2264 1436 2320 fieri
1469 2266 1743 2331 dicuntur,
1789 2264 2049 2338 quaedam
2080 2265 2197 2319 iure

263 2350 405 2407 facta
436 2353 616 2425 rumpi
647 2351 732 2406 uel
767 2352 927 2406 inrita
961 2349 1095 2406 fieri.

118 2452 238 2508 [1⁷8]
389 2431 514 2492 147.
573 2435 689 2491 Non
736 2445 913 2490 tamen
958 2452 1055 2507 per
1097 2437 1276 2489 omnia
1326 2434 1534 2489 inutilia
1575 2442 1704 2487 sunt
1745 2448 1804 2486 ea
1855 2438 2195 2498 testamenta,

261 2536 398 2593 quae
441 2519 529 2575 uel
572 2521 635 2576 ab
678 2521 832 2575 initio
876 2536 984 2573 non
1025 2521 1141 2573 iure
1175 2518 1315 2573 facta
1347 2526 1497 2587 sunt,
1541 2516 1628 2570 uel
1669 2516 1786 2569 iure
1828 2513 1966 2568 sacta
2009 2522 2195 2585 postea

256 2604 418 2659 inrita
460 2605 600 2660 facta
632 2612 731 2660 aut
763 2612 921 2676 rupta
953 2612 1109 2657 sunt:
1154 2603 1352 2656 nam-si
1383 2607 1590 2673 septem
1624 2599 1841 2655 testium
1885 2598 2055 2671 signis
2086 2600 2196 2672 sig-

259 2698 384 2743 nata
427 2692 536 2744 sint
568 2696 909 2759 testamenta,
954 2695 1138 2760 potest
1170 2688 1406 2759 scriptus
1451 2684 1945 2741 heres'secundum
1988 2682 2196 2738 tabulas

399 2872 439 2933 ¹)
480 2876 563 2920 ‘eo
588 2878 804 2934 tempore
832 2873 949 2935 quo’
979 2871 1097 2919 edd.
1170 2867 1211 2928 ²)
1241 2868 1488 2930 Eoeylnst.
1517 2866 1655 2929 ‘(si)’
1683 2867 1762 2916 ed.
1790 2865 1889 2930 By.
1962 2863 2002 2927 3)
2039 2864 2198 2927 fuerit

256 2942 345 2989 ed.
374 2939 473 3005 By.
523 2937 671 2998 Quod
692 2942 741 2986 in
769 2937 823 2991 C.
852 2945 1003 2986 antea
1032 2939 1216 3002 legitur
1250 2938 1281 2985 a‘i
1310 2938 1541 2999 fortasse
1565 2941 1641 2983 est
1676 2934 1701 2983 ὃ
1738 2933 1890 2995 (cum)
1913 2933 2194 2998 fugitivum,

257 3009 401 3073 quod
422 3013 541 3057 ante
567 3006 781 3057 excidit.

402 3156 453 3225 ξ.
483 3160 596 3208 144.
622 3178 689 3198 =
715 3151 766 3221 §-
793 3168 834 3205 2.
874 3156 922 3205 I.
960 3158 1091 3222 quib.
1129 3158 1263 3206 mod.
1305 3164 1417 3205 test.
1445 3156 1538 3217 inf.
1575 3157 1636 3217 (2,
1665 3154 1752 3217 17).
1805 3155 1882 3218 Cf.
1913 3155 2030 3218 Ulp.
2055 3166 2122 3216 23,
2150 3164 2192 3202 2.

263 3228 450 3277 Collat.
479 3237 545 3287 16,
572 3236 613 3279 3.
652 3220 705 3290 3.
731 3237 770 3273 1.
812 3240 896 3289 per
930 3221 1212 3289 cretionem]
1245 3224 1316 3285 cf.
1351 3236 1392 3278 2,
1421 3233 1495 3273 166
1518 3239 1625 3289 seq.
1674 3239 1726 3272 ex
1753 3224 1855 3284 lege
1879 3220 2020 3285 Iulia]
2057 3221 2125 3281 cf.
2150 3231 2192 3282 2,

258 3306 350 3344 ιιι.
377 3305 469 3343 286.
543 3291 594 3359 §.
627 3293 740 3341 145.
769 3310 836 3334 =
862 3288 915 3358 3.
942 3302 984 3341 4.
1023 3292 1074 3341 I.
1114 3295 1187 3344 tit.
1224 3294 1308 3341 cit.
1351 3292 1430 3353 Cf.
1460 3292 1574 3355 Ulp.
1599 3302 1664 3348 23,
1690 3302 1730 3339 4.
1770 3290 1914 3353 Epic.
1942 3299 1982 3349 2,
2008 3299 2046 3337 3.
2077 3286 2130 3349 3.
2155 3296 2195 3335 5.

257 3363 446 3416 Collat.
482 3366 515 3413 l.
551 3376 597 3412 c.
644 3361 797 3423 primo
825 3356 1017 3424 comm]
1047 3355 1135 3426 33.
1167 3371 1241 3410 159
1264 3375 1370 3424 seq.
1516 3396 1525 3405 .
1557 3360 1668 3411 146.
1693 3378 1760 3398 =
1786 3351 1839 3420 3.
1866 3365 1890 3403 5
1918 3353 2002 3415 (4).
2041 3353 2090 3401 I.
2118 3356 2194 3401 tit.

254 3433 346 3479 eit.
399 3430 477 3493 Cf.
514 3429 694 3479 collat.
731 3437 795 3489 16,
832 3438 872 3477 3.
912 3423 964 3493 3.
999 3438 1039 3477 2.
1142 3425 1193 3494 ξ.
1226 3429 1339 3476 147.
1364 3447 1431 3467 =
1499 3435 1575 3474 ,6.
1616 3424 1664 3472 1.
1689 3426 1767 3472 tit.
1792 3423 1877 3469 cit.
1915 3416 2195 3483 0113419.

256 3498 378 3560 [Hp.
404 3491 539 3558 asso.
565 3507 632 3555 23,
657 3505 697 3544 6.
740 3494 841 3544 Cic.
879 3495 1005 3559 Top.
1031 3506 1071 3545 4.
1111 3491 1163 3559 3.
1193 3504 1257 3543 18.
1296 3493 1478 3544 Boeth.
1505 3494 1578 3539 ad
1597 3491 1645 3539 Ιι.
1672 3492 1703 3538 ι.
1729 3506 1780 3550 p.
1807 3496 1883 3535 302
1908 3485 2050 3534 Bait.
2093 3484 2195 3533 Cic.

263 3566 427 3617 Verr.
454 3575 495 3627 2,
525 3577 563 3613 1.
593 3580 634 3612 e.
663 3573 729 3613 45.

362 3659 526 3697 Gnvs.
1762 3637 1789 3682 7
