2546 3928
130 726 207 791 {3
135 658 206 670 1
134 500 209 598 <D
124 348 207 449 1¹4
136 244 197 301 Q.
139 28 214 204 “yffi

876 736 1559 808 PRAEFATIO.

385 1101 944 1198 Iurisprudentiae
976 1114 1515 1178 anteiustinianae
1553 1115 1875 1199 reliquiaS,
1916 1138 2186 1200 quarum

198 1236 203 1237 ’
249 1221 662 1304 praecipuam
724 1224 974 1304 partem
1036 1220 1182 1284 Graii
1247 1219 1698 1285 Institutiones
1765 1223 2184 1305 constituunt,

251 1349 398 1390 cum
466 1329 612 1389 ante
679 1325 1012 1389 duodecim
1071 1348 1275 1389 annos
1341 1326 1620 1408 primum
1675 1325 1924 1389 ederem
1934 1377 1952 1410 7
2015 1327 2182 1390 hanc

251 1435 508 1513 partem
555 1452 631 1493 ex
678 1431 767 1492 eis
816 1431 1010 1493 etiam
1049 1431 1318 1493 seorsim
1358 1431 1540 1499 edere
1575 1431 1921 1511 placuerat.
1986 1430 2182 1495 Cuius

255 1533 557 1596 editionis
605 1534 1018 1615 exemplaria,
1065 1537 1137 1595 ut
1182 1534 1249 1595 in
1280 1534 1561 1596 curanda
1596 1533 1787 1596 tertia
1822 1534 2021 1597 totius
2062 1537 2182 1617 syl-

250 1639 434 1721 loges
484 1638 762 1701 editione
820 1661 859 1701 a
906 1637 1255 1720 bibliopola
1312 1638 1683 1720 admoneor,
1739 1641 1803 1701 et
1857 1639 1999 1722 ipsa
2052 1640 2182 1704 iam

250 1743 576 1806 divendita
607 1747 772 1807 sunt.
839 1742 1064 1827 Itaque
1094 1746 1343 1807 retento
1383 1743 1656 1826 pristino
1688 1744 1957 1808 consilio
1988 1746 2182 1809 etiam

251 1844 396 1911 Gaii
441 1847 892 1912 Institutiones
938 1871 1110 1912 nunc
1155 1848 1390 1912 iterum
1438 1849 1782 1930 separatim
1831 1850 1966 1913 ed0.

387 1952 569 2029 Quod
618 1954 874 2039 quidem
931 1976 1005 2017 ea
1059 1954 1306 2018 ratione
1366 1975 1440 2016 ac
1496 1953 1704 2018 forma
1757 1954 1921 2038 fieri,
1988 1978 2184 2038 quam

246 2059 317 2122 in
365 2059 556 2122 tertia
599 2060 798 2123 totius
848 2060 1124 2143 sylloges
1181 2060 1462 2123 editione
1511 2059 1831 2142 obtinent,
1886 2080 2019 2122 non
2066 2063 2184 2144 est,

249 2163 421 2248 quod
469 2186 782 2228 moneam.
854 2164 1100 2228 Eadem
1147 2187 1296 2229 vero
1345 2165 1663 2242 de‚causa
1706 2186 1825 2228 nec
1875 2186 2034 2247 opus
2083 2170 2184 2229 est

246 2270 370 2333 hoc
417 2270 558 2333 loco
605 2291 894 2353 narrare,
952 2269 1104 2354 quid
1157 2270 1343 2334 novis
1393 2271 1561 2333 curis
1617 2270 1775 2334 haec
1823 2270 1979 2333 iuris
2025 2292 2177 2353 pars

246 2375 489 2438 interea
515 2375 857 2458 profecerit
885 2379 948 2438 et
978 2375 1516 2459 quemadmodum
1556 2377 1758 2438 altera
1793 2375 1953 2437 haec
1982 2375 2176 2439 editio

248 2502 286 2542 a
314 2480 522 2562 priore
563 2480 771 2543 distet.
837 2480 936 2545 Ea
980 2481 1123 2562 ipsa
1169 2480 1344 2543 enim
1392 2480 1467 2542 de
1512 2502 1582 2542 re
1619 2480 1689 2542 in
1727 2478 2177 2541 dissertatione

245 2585 324 2648 de
374 2583 533 2648 Gaio
591 2586 854 2667 eiusque
913 2585 1164 2666 scriptis
1223 2583 1487 2647 editioni
1552 2584 1648 2647 illi
1710 2583 1938 2646 tertiae
1993 2606 2173 2668 prae-

243 2690 444 2753 missa
492 2690 740 2753 affatim
789 2689 1078 2771 exposui:
1136 2688 1552 2772 quamobrem
1600 2712 1742 2754 eam
1790 2690 1985 2753 etiam
2031 2694 2174 2753 tan-

244 2819 436 2881 quam
483 2797 672 2859 huius
720 2794 1138 2878 praefationis
1183 2798 1433 2877 partem
1480 2795 1549 2857 in
1594 2796 1834 2885 pagina
1882 2797 2172 2879 sequenti

243 2904 467 2966 statim
515 2901 799 2966 subicere
845 2900 1073 2983 placet.
