2546 3928
927 266 1048 302 osu
1082 268 1262 302 ms‘mr.
1302 254 1393 303 IV.
1431 256 1701 308 96—100.
2162 254 2285 311 213

178 386 325 455 [29⁷]
352 406 564 445 morum
611 389 746 446 'fieri
790 386 969 447 solet¹
1022 386 1029 464 Ι
1080 401 1310 466 propter
1339 392 1516 467 legem
1558 423 1623 433 -
1666 423 1738 431 -
1775 386 1904 445 -.2
2005 389 2105 450 96.
2168 395 2286 467 Ipse

351 483 561 543 autem,
610 477 701 547 qui
741 477 950 531 iuxrem
992 478 1135 550 agit,
1183 479 1228 533 si
1270 493 1370 532 suo
1415 479 1632 533 nomine
1665 478 1809 550 agit,
1850 479 1980 532 satis
2024 494 2132 533 non
2176 478 2284 533 dat.

350 554 444 614 97.
492 559 568 615 Ac
605 576 704 615 nec
734 561 778 615 si
819 576 916 632 per
948 562 1289 634 cognitorem
1321 561 1535 634 quidem
1582 571 1815 634 agatur,
1857 561 1967 617 ulla
2010 561 2288 619 satisdatio

352 644 441 697 uei
494 638 560 698 ab
613 647 731 716 ipso
775 644 866 699 uel
907 661 934 698 a
975 645 1195 700 domino
1240 644 1606 701 desideratur:
1661 662 1781 701 cum
1837 647 1978 701 enim
2028 647 2192 701 certis
2237 656 2292 702 et

356 730 506 800 quasi
551 727 904 783 sollemnibus
946 728 1129 784 uerbis
1161 728 1427 785 inlocum
1460 729 1660 785 domini
1703 728 2065 786 substituatur
2105 731 2292 804 cogni·

353 819 481 881 tor,
534 812 729 868 merito
774 812 976 868 domini
1022 813 1144 869 loco
1199 812 1447 869 hahetur.
1539 811 1636 872 98.
1683 814 2009 871 Procurator
2062 831 2194 870 uero
2246 816 2292 869 si

356 904 511 971 agat,
555 897 818 952 satisdare
858 896 1076 953 iubetur
1107 907 1276 954 ratam
1308 914 1422 954 rem
1455 897 1731 953 dominum
1764 898 2104 955 habiturum:
2150 900 2294 972 peri·

357 980 544 1035 culum
572 986 719 1037 enim
752 989 867 1052 est,
910 998 978 1037 ne
1008 983 1203 1038 iterum
1238 981 1489 1038 dominus
1523 983 1588 1039 de
1632 982 1816 1039 eadem
1848 1000 1907 1039 re
1956 984 2294 1056 experiatur3
2338 996 2347 999 ’

303 1137 309 1140 ⁴
359 1065 504 1137 quod
550 1066 850 1138 periculum
895 1062 1051 1141 (non)
1094 1067 1425 1139 interuenit,
1481 1070 1526 1122 si
1582 1084 1680 1142 per
1731 1070 2070 1142 cognitorem
2120 1077 2298 1124 actum

358 1149 483 1218 suit,
530 1151 653 1223 quia
685 1150 751 1205 de
778 1167 885 1224 qua
915 1168 975 1208 re
1007 1152 1236 1225 quisque
1268 1168 1367 1226 per
1397 1153 1738 1226 cognitorem
1771 1154 1965 1225 egerit,
1997 1151 2064 1207 de
2096 1169 2157 1207 ea
2189 1168 2298 1207 non

358 1235 527 1307 magis
573 1233 804 1307 amplius
838 1237 1104 1291 actionem
1150 1234 1313 1290 habet
1345 1252 1504 1307 quam
1535 1238 1579 1291 si
1611 1238 1727 1309 ipse
1761 1239 1957 1309 egerit.
2047 1232 2148 1292 99.
2195 1236 2300 1291 Tu·

364 1327 509 1373 tores
542 1326 597 1374 et
637 1327 921 1374 curatores
963 1335 1027 1373 eo
1058 1319 1256 1386 modo,
1302 1335 1408 1391 quo
1455 1328 1508 1374 et
1551 1329 1983 1393 procuratores,
2031 1320 2294 1374 satisdare
2313 1317 2437 1366 223·

359 1402 589 1472 dehere,
642 1401 806 1457 uerba
862 1402 1019 1457 edicti
1072 1402 1304 1475 iaciunt3
1371 1395 1466 1457 sed
1521 1402 1809 1475 aliquando
1855 1403 1963 1459 illis
2015 1402 2294 1459 satisdatio

361 1487 675 1540 remittitur.
763 1480 902 1541 100.
948 1485 1088 1541 Haec
1119 1487 1220 1556 ita,
1256 1487 1302 1540 si
1332 1487 1386 1542 in
1419 1501 1529 1541 rem
1563 1487 1774 1559 agitur3
1821 1488 1866 1541 si
1910 1504 2044 1543 uero
2086 1489 2142 1543 in
2174 1503 2297 1560 per·

362 1586 574 1638 sonam,
606 1568 670 1623 ab
703 1572 900 1624 actoris
933 1570 1148 1641 quidem
1179 1579 1335 1644 parte
1361 1569 1577 1642 quando
1610 1570 1854 1625 satisdari
1887 1570 2101 1641 debeat,
2136 1586 2297 1642 quae·

365 1662 571 1719 renteS,
606 1652 786 1707 eadem
820 1663 1145 1726 repetemuS,
1179 1670 1317 1727 quae
1348 1654 1578 1708 diximus
1610 1656 1664 1708 in
1696 1655 1928 1726 actione,
1963 1671 2067 1726 qua
2096 1656 2152 1709 in
2184 1670 2295 1709 rem

367 1836 505 1898 quod
544 1834 931 1897 interpretabar
973 1836 1279 1899 quingenario
1323 1835 1424 1897 (cf.
1463 1847 1514 1895 4,
1549 1833 1619 1898 15)
1661 1852 1744 1885 reo
1784 1846 2067 1899 prouocato.
2120 1836 2300 1901 Neque

364 1904 492 1951 enim
526 1910 735 1966 poterat
772 1902 928 1952 Gaius
960 1905 1269 1953 sacramenti
1299 1918 1529 1952 summam
1566 1905 1820 1961 omittere,
1855 1920 1963 1953 cum
2007 1906 2301 1969 sponsionis

365 1971 631 2035 definiret;
673 1973 743 2019 od
775 1975 1105 2028 centumviros
1147 1988 1266 2022 vero
1303 1973 1367 2022 de
1399 1971 1548 2020 rebus
1588 1972 1862 2022 maioribus
1903 1979 2095 2021 tantum
2136 1978 2299 2020 actum

364 2053 474 2088 esse
503 2045 703 2087 constat
728 2044 776 2086 et
809 2039 1046 2088 Valerius
1072 2039 1270 2089 Probus
1303 2045 1494 2087 tantum
1528 2046 1896 2087 sacramentum
1922 2040 2300 2103 quingenariam

363 2107 515 2156 novit.
562 2107 660 2154 iam
686 2121 791 2154 cum
817 2104 1186 2155 Studemundus
1212 2113 1452 2166 testetur,
1479 2107 1530 2153 in
1559 2105 1615 2154 0.
1645 2107 1787 2154 Dario
1812 2121 1911 2154 non
1931 2106 2113 2168 fuisse,
2149 2107 2243 2156 hoc
2267 2123 2301 2155 a

333 2201 340 2206 -
364 2173 577 2223 librario
603 2174 830 2222 omissum
854 2175 1013 2222 statui
1036 2174 1250 2237 ideoque
1276 2188 1406 2221 nunc
1430 2173 1592 2221 unciis
1616 2174 1820 2231 inclusi,
1848 2179 2001 2223 antea
2024 2188 2146 2223 vero
2172 2175 2301 2234 inde,

365 2243 502 2305 quod
533 2257 565 2289 a
590 2239 646 2293 C.
674 2242 831 2305 siynis
866 2255 965 2289 non
990 2240 1256 2300 abhorret,
1292 2241 1495 2303 scripsi.
1546 2241 1628 2289 sed
1661 2256 1745 2304 per
1779 2241 1897 2301 legis
1922 2242 2183 2305 actionem3
2222 2257 2296 2290 sa·

367 2317 606 2357 eramento
644 2308 765 2356 enim
803 2323 932 2356 reum
956 2323 1270 2372 prouocamus
1297 2308 1413 2357 edd.
1440 2313 1486 2357 et
1512 2322 1623 2356 mea
1646 2321 1705 2366 1.,
1747 2310 1797 2357 in
1824 2324 1923 2374 qua
1945 2324 2044 2372 pro
2068 2322 2205 2359 reum
2228 2311 2301 2372 cj.

366 2391 689 2440 possessorem
716 2378 850 2425 noeis
871 2377 1131 2439 scriptum.
1238 2375 1279 2439 ¹)
1319 2377 1370 2424 fit
1393 2376 1583 2424 scilicet
1618 2377 1734 2429 edd.
1768 2392 1907 2426 meae
1933 2390 1972 2429 1.
1998 2387 2038 2426 2.
2080 2376 2229 2437 Quod
2248 2379 2302 2426 in

367 2443 423 2492 C.
451 2452 591 2493 certo
626 2459 724 2493 non
750 2458 888 2505 esse,
925 2445 1028 2493 fieri
1066 2446 1185 2493 solet
1208 2445 1452 2506 scriptum
1480 2444 1644 2503 fuisse
1666 2459 1837 2506 posse,
1871 2459 1977 2493 cum
2003 2443 2301 2493 Studemun-

367 2513 461 2560 dus
497 2517 725 2571 testetur,
760 2526 888 2559 nunc
921 2511 1015 2561 Izoc
1041 2512 1193 2560 edidi.
1301 2508 1344 2573 ²)
1382 2510 1540 2574 Leyis
1574 2526 1749 2561 nomen
1786 2512 1837 2568 in
1863 2510 2066 2570 Sched„
2102 2510 2301 2574 quibus·

367 2594 471 2627 cum
508 2579 759 2628 consentit
791 2579 841 2626 V
850 2578 905 2639 ⁵²,
941 2584 1017 2627 est
1051 2580 1308 2628 incertum.
1368 2577 1586 2628 Videtur
1620 2578 1948 2641 Crepereiam3
1986 2579 2129 2627 aliis:
2162 2579 2302 2642 Papi-

367 2648 505 2697 riam.
557 2647 703 2694 Nunc
738 2649 826 2694 vix
860 2644 1055 2704 dubito,
1094 2647 1152 2694 id
1184 2647 1322 2710 quod
1352 2648 1403 2694 in
1443 2645 1495 2694 C.
1537 2647 1875 2708 conspicitur,
1912 2653 2156 2710 corrupte
2189 2662 2302 2696 esse

366 2716 608 2777 scriptum
641 2729 742 2776 pro
777 2714 881 2772 lege
918 2714 1008 2765 iiii.
1045 2715 1277 2777 papiriam
1311 2734 1378 2754 =
1415 2715 1563 2773 legem
1587 2715 1753 2764 Iuliam
1776 2715 2032 2777 Papiriam,
2060 2729 2187 2778 quae
2214 2717 2305 2764 lex

368 2797 416 2829 a.
444 2789 518 2830 324
545 2781 668 2840 (Cio.
699 2781 761 2830 de
785 2794 898 2843 rep.
922 2790 961 2837 2,
988 2790 1055 2829 35.
1094 2781 1206 2830 Liv.
1232 2792 1275 2841 4,
1301 2780 1370 2841 30)
1407 2782 1556 2831 etiam
1595 2781 1687 2830 hoc
1719 2783 1918 2831 videtur
1941 2785 2199 2843 sanoeisse,
2236 2797 2301 2830 ne

367 2855 733 2897 sacramentum
767 2849 861 2908 rei,
898 2864 997 2912 qua
1032 2849 1093 2896 de
1121 2854 1381 2911 ageretur,
1417 2863 1647 2897 summam
1681 2851 1976 2900 excederet.
2015 2846 2094 2908 Cf.
2122 2854 2302 2898 notata

367 2931 527 2979 supra
552 2917 621 2965 ad
647 2915 769 2968 Cod.
795 2932 847 2979 p.
874 2926 946 2964 192
972 2932 1014 2964 υ.
1040 2926 1196 2965 1—10.

368 3086 597 3134 cabatur.
648 3084 750 3134 Cic.
786 3087 941 3137 Verr.
969 3098 1007 3145 1,
1032 3093 1096 3133 45.
1138 3086 1201 3134 de
1228 3093 1362 3134 orat.
1391 3098 1433 3145 1,
1457 3094 1509 3134 38
1535 3087 1622 3147 fin.
1664 3086 1801 3150 quod
1829 3091 2013 3148 postea
2039 3085 2302 3139 abolitum:

367 3168 529 3217 neque
555 3155 683 3201 enim
720 3153 966 3201 vindicias
1001 3153 1304 3201 hereditatis
1329 3153 1432 3200 diez·
1451 3154 1662 3215 placuit,
1699 3155 1838 3202 cuius
1871 3156 2050 3203 nullum
2075 3155 2300 3203 retinen—

367 3222 468 3269 dae
509 3220 849 3283 possessionis
887 3221 1209 3268 interdictum
1252 3226 1382 3270 erat.
1430 3219 1509 3281 Cf.
1545 3221 1724 3272 Vater.
1758 3220 1914 3271 Proh.
1947 3232 1987 3273 4.
2125 3217 2177 3284 §.
2215 3222 2298 3269 97.

371 3288 450 3349 Cf.
481 3282 533 3352 §-
558 3297 623 3339 83.
664 3287 752 3335 Fr.
790 3289 906 3336 ναι.
932 3297 1024 3336 317.
1164 3283 1214 3352 ξ.
1241 3288 1324 3336 98.
1365 3287 1444 3348 Cf.
1466 3304 1552 3351 pr.
1582 3288 1629 3336 I.
1655 3289 1700 3338 Ιι.
1731 3295 1766 3336 τ.
1793 3289 1856 3339 L.
1883 3297 1952 3335 ss.
1979 3286 2033 3348 g.
2063 3299 2100 3334 1.
2141 3287 2204 3335 L.
2230 3297 2297 3336 39.

370 3353 423 3417 S.
451 3368 489 3403 1.
527 3355 592 3403 D.
627 3356 690 3404 de
722 3370 868 3418 proc.
906 3353 967 3417 (3,
998 3352 1065 3417 3).
1103 3354 1195 3403 Fr.
1242 3353 1361 3404 Vat.
1395 3364 1488 3405 333.
1529 3354 1752 3406 Consule.
1786 3364 1827 3403 3.
1865 3353 1928 3404 L.
1963 3363 2026 3401 22.
2071 3350 2123 3414 S.
2156 3362 2196 3401 8.
2236 3354 2298 3404 D.

367 3430 534 3472 ratam
556 3438 661 3470 rem
689 3419 773 3484 (46,
798 3421 859 3482 8).
899 3422 961 3470 L.
991 3433 1057 3471 11.
1086 3419 1137 3485 3.
1168 3431 1205 3470 7.
1248 3422 1311 3470 D.
1338 3424 1401 3471 de
1438 3437 1551 3472 exc.
1580 3423 1660 3470 rei
1692 3420 1793 3468 iud.
1822 3415 1908 3481 (44,
1934 3417 1995 3481 2).
2136 3416 2188 3486 ξ.
2216 3423 2300 3470 99.

371 3490 450 3552 Cf.
484 3506 566 3554 pr.
605 3489 652 3538 I.
691 3491 755 3539 de
789 3490 969 3539 satisd.
1010 3489 1070 3549 (4,
1096 3488 1165 3551 11)
1202 3500 1308 3538 cum
1339 3488 1560 3551 Theoph.
1606 3488 1750 3536 uerba
1788 3483 1952 3549 edicti]
1990 3487 2054 3535 L.
2088 3496 2154 3536 33.
2191 3482 2243 3553 §-
2276 3497 2303 3536 3

366 3558 450 3611 cit.
499 3553 772 3620 remittitur]
811 3558 879 3617 cf.
914 3557 977 3606 L.
1015 3565 1080 3605 23.
1118 3556 1181 3604 D.
1219 3556 1283 3604 de
1319 3556 1502 3604 admin.
1541 3561 1590 3602 et
1622 3568 1734 3616 per.
1774 3549 1878 3612 (26,
1914 3552 1984 3614 7).
2036 3553 2100 3601 L.
2138 3564 2204 3603 13.
2247 3554 2300 3602 C.

372 3627 484 3677 eod.
515 3621 578 3690 (5,
607 3627 696 3685 37).
840 3621 891 3690 ξ.
920 3625 1034 3673 100.
1063 3643 1128 3662 =
1149 3638 1234 3684 pr.
1264 3621 1313 3670 I.
1341 3623 1425 3670 cit.
1467 3620 1546 3683 Cf.
1578 3620 1631 3684 S.
1659 3630 1724 3668 96.
