2546 3928
855 229 973 265 um
1008 229 1204 263 tus-1:1⁸.
1243 214 1340 265 1v.
1377 216 1611 265 56—59.
2006 211 2009 218 ’
2073 217 2194 275 201

249 358 425 421 «derit,
468 355 601 412 nihil
636 371 756 410 eum
796 352 1113 427 periclitari,
1159 369 1393 426 eumque
1435 370 1497 408 ex
1541 355 1757 427 integro
1803 373 1964 429 agere
2009 353 2193 430 posse,

249 443 390 515 quia
434 441 573 496 ’cum
608 455 664 494 re
697 440 866 495 etiam
905 440 1126 510 antiqua
1157 440 1310 493 actio
1352 445 1622 509 remanet,
1656 434 1862 496 ueluti¹
1911 442 1963 496 si*
2000 443 2064 509 iS,
2103 445 2196 516 qui

254 526 535 584 hominem
590 522 831 579 Stichum
870 514 880 599 Ι
921 527 1109 595 petere
1150 520 1404 591 deberet,
1448 520 1662 580 Erotem
1717 524 1969 597 petierit,
2011 534 2107 581 aut
2144 528 2195 582 ‘si
2213 515 2330 566 2⁰8·

250 611 388 683 quis
419 626 484 664 ex
513 615 842 664 testamento
876 605 995 662 dari
1021 604 1124 661 sibi
1157 614 1415 679 oportere
1458 606 1773 678 intenderit,
1804 610 1893 665 cui
1924 625 1988 664 ex
2021 610 2197 683 stipu-

253 693 377 750 {atu
422 690 737 763 debebatur,
769 699 862 746 aut
894 692 939 746 si
970 691 1227 764 cognitor
1257 697 1352 745 aut
1392 696 1717 762 procurator
1743 692 2064 765 intenderit,
2094 694 2196 751 sibi

248 777 382 834 dari
419 784 694 851 oportere.
782 769 878 831 56.
926 774 1038 831 Sed
1075 773 1197 847 plus
1227 773 1458 846 quidem
1501 774 1797 846 intendere,
1843 778 1985 833 sicut
2032 795 2198 852 supra

249 861 513 931 diximus,
545 859 908 935 periculosum
939 867 1057 926 est:
1091 859 1266 914 minus
1296 867 1477 915 autem
1509 858 1791 916 intendere
1822 860 1976 924 licet:
2007 862 2105 918 sed
2129 862 2196 918 de

257 946 473 1018 reliquo
519 946 664 1001 intra
693 943 932 1000 eiusdem
975 950 1282 1016 praeturam
1315 958 1477 1017 agere
1522 959 1630 999 non
1665 946 2027 1016 permittitur:
2071 963 2194 1003 nam

249 1031 356 1104 qui
383 1031 460 1087 ita
488 1031 620 1103 agit,
652 1045 750 1102 per
781 1029 1157 1101 exceptionem
1187 1026 1516 1097 excluditur,
1563 1044 1700 1102 quae
1730 1031 1976 1104 exceptio
2008 1031 2194 1105 appel·

254 1114 402 1170 ‘latur
432 1113 542 1171 litis
575 1112 844 1169 diuiduae.
916 1108 1009 1168 5⁷.
1057 1113 1125 1166 At
1157 1111 1201 1165 si
1232 1111 1288 1166 in
1321 1112 1771 1169 condemnatione
1802 1113 1925 1186 plus
1957 1117 2190 1188 petitum

252 1199 352 1270 sit,
385 1215 544 1272 quam
588 1203 834 1270 oportet,
867 1196 1066 1252 actoris
1099 1196 1322 1266 quidem
1361 1195 1663 1269 periculum
1695 1196 1904 1253 nullum
1936 1208 2050 1268 est:
2093 1199 2191 1255 sed

259 1281 357 1355 ⁹(et
397 1297 565 1352 reus,
610 1273 800 1351 cum)²
850 1281 1087 1352 iniquam
1130 1278 1418 1334 formulam
1460 1282 1762 1353 acceperit,
1818 1283 1871 1336 in
1914 1283 2191 1357 integrum

244 1368 588 1437 «restituitur,
632 1373 692 1420 ut
725 1365 996 1419 minuatur
1036 1361 1448 1418 condemnatio:
1490 1364 1536 1417 si
1568 1379 1702 1418 uero
1744 1365 1919 1420 minus
1951 1368 2191 1439 positum

246 1450 442 1521 fuerit,
484 1465 644 1522 quam
688 1455 931 1519 oportet,
962 1447 1067 1502 hoc
1094 1443 1275 1500 solum
1313 1446 1671 1518 consequitur.
1717 1442 2012 1519 ’(actor,)³
2042 1450 2189 1523 quod

246 1536 470 1608 posuit:
517 1549 638 1587 nam
683 1539 793 1586 tota
826 1531 1045 1602 quidem
1074 1545 1163 1584 res
1198 1532 1251 1585 in
1295 1528 1551 1585 iudicium
1583 1529 1887 1602 deducitur,
1919 1534 2190 1590 constrin-

253 1620 409 1691 gitur
460 1624 642 1672 autem
681 1613 1149 1670 condemnationis
1215 1611 1353 1682 fine,
1407 1629 1566 1686 quam
1618 1613 1778 1670 iudex
1829 1615 2020 1689 egredi
2081 1634 2189 1672 non

250 1709 457 1775 potest.
520 1715 620 1756 nec
649 1715 718 1759 ex
744 1715 804 1753 ea
837 1706 989 1770 parte
1021 1705 1243 1771 praetor
1271 1698 1327 1752 in
1359 1699 1633 1771 integrum
1664 1699 1932 1755 restituit:
1979 1700 2190 1758 facilius

240 1786 396 1840 -enim
439 1786 548 1840 reis
581 1791 803 1858 praetor
840 1782 1110 1839 succurrit
1141 1798 1301 1854 quam
1344 1780 1646 1838 actoribus:
1687 1782 1965 1856 loquimur
2006 1793 2188 1842 autem

209 1919 212 1922 ,
250 1871 493 1943 exceptis
538 1866 835 1930 minoribus
877 1883 1002 1924 xxv
1042 1882 1338 1934 annorum3
1389 1882 1509 1921 nam
1543 1866 1700 1922 huius
1732 1869 1924 1924 aetatis
1957 1869 2190 1926 homini-

250 1953 353 2010 bus
397 1955 453 2011 in
505 1951 752 2008 omnibus
806 1951 966 2007 rebus
1011 1950 1175 2023 lapsis
1229 1958 1451 2024 praetor
1503 1953 1790 2019 succurrit.
1846 1948 1974 2010 ¹58.
2023 1953 2078 2009 Si
2136 1954 2190 2008 in

251 2038 716 2096 demonstratione
748 2035 870 2109 plus
901 2044 994 2091 aut
1038 2036 1212 2090 minus
1255 2027 1493 2107 positum
1536 2036 1628 2106 sit,
1673 2036 1805 2091 nihil
1838 2037 1893 2091 in
1937 2036 2191 2094 iudicium

101 2125 228 2183 1⁸8⁶]
255 2123 576 2191 deducitur,
618 2129 674 2176 et
714 2119 836 2175 ideo
882 2136 968 2174 res
1007 2120 1062 2174 in
1115 2120 1331 2191 integro
1375 2127 1582 2173 manet:
1636 2127 1695 2173 et
1736 2119 1841 2175 hoc
1881 2130 1998 2190 est,
2042 2121 2191 2193 quod

253 2207 454 2264 dicitur
497 2205 630 2261 salsa
673 2203 1136 2259 demonstratione
1168 2218 1281 2257 rem
1322 2218 1429 2257 non
1462 2203 1670 2274 perimi.
1754 2197 1854 2259 59.
1901 2202 2010 2260 Sed
2039 2214 2189 2276 sunt,

255 2293 345 2366 qui
378 2297 588 2366 putant,
642 2290 816 2343 minus
848 2296 996 2345 recte
1027 2285 1423 2360 conprehendi:
1467 2302 1589 2340 nam
1622 2288 1713 2360 qui
1757 2286 1899 2343 forte
1944 2287 2189 2346 Stichum

253 2385 309 2432 et
339 2375 557 2432 Erotem
599 2373 810 2443 emerit,
854 2381 1002 2428 recte
1034 2370 1251 2427 uidetur
1279 2371 1351 2425 ita
1394 2369 1794 2428 demonstrare:
1844 2388 2014 2438 Qvol)
2060 2389 2186 2432 Eoo

252 2476 336 2518 nn
368 2478 447 2517 ‘rs
479 2473 769 2515 nomisma
797 2471 1059 2514 EROTEM
1088 2471 1224 2527 mn,
1268 2464 1323 2510 et
1355 2456 1400 2510 si
1433 2454 1581 2523 uelit,
1630 2454 1696 2510 de
1727 2455 1914 2511 Sticho
1948 2457 2044 2512 alia
2077 2456 2186 2513 for·

251 2545 399 2601 :mula
438 2535 670 2614 'empti4
711 2550 852 2615 agat,
898 2542 1024 2614 quia
1068 2555 1259 2595 uerum
1291 2547 1396 2610 est,
1428 2554 1570 2604 eum,
1613 2532 1622 2612 Ι
1663 2540 1752 2612 qui
1786 2537 1926 2595 duos
1974 2543 2185 2611 emerit,
2208 2526 2328 2641 {⁰3-

394 2739 434 2804 .¹)
474 2741 564 2790 Ex
597 2753 706 2789 mea
740 2740 811 2801 ej.
848 2738 925 2799 Cf.
964 2737 1018 2802 S.
1055 2747 1123 2787 58.
1165 2738 1324 2786 ‘nihil
1353 2740 1405 2786 in
1437 2737 1674 2786 iudicium
1715 2739 1985 2788 deducitur
2026 2735 2190 2801 (certe

247 2817 549 2876 oporteret.-
585 2806 888 2869 ‘deduoeit')
932 2808 1102 2855 uelut’
1137 2807 1229 2854 alii
1260 2806 1331 2865 (η’.
1448 2802 1491 2866 ²)
1532 2805 1730 2855 Addidi
1768 2806 1894 2855 haec
1935 2807 2114 2866 verba,
2158 2823 2193 2856 a

252 2879 415 2929 sciolo
448 2879 673 2926 consulto
710 2875 921 2935 omissa,
959 2875 1096 2938 quod
1127 2880 1283 2922 antea
1317 2874 1422 2936 quia
1448 2887 1548 2934 pro
1584 2874 1773 2935 quidem
1797 2875 2040 2935 scriptum
2063 2874 2191 2935 effe-

246 2953 428 3007 cerat,
462 2950 516 2993 ut
544 2950 697 2993 totam
735 2957 840 2991 rem
863 2956 1137 3004 perperam
1164 2947 1392 3002 caper-et.
1445 2941 1552 2987 ‘si’
1580 2941 1660 2987 ed.
1689 2938 1786 3001 By.
1891 2936 1934 3000 ⁸)
1976 2941 2189 2990 Addidi.

252 3011 298 3077 ⁴)
332 3015 382 3063 id
411 3014 489 3063 vel
512 3012 575 3075 qd
600 3008 785 3060 Seked.
828 3009 891 3057 In
915 3007 971 3062 0.
997 3009 1193 3070 fuerit:
1218 3010 1282 3058 eti
1314 3008 1401 3071 (ε
1426 3004 1558 3068 emti)
1583 3007 1616 3059 ἰ,
1639 3021 1682 3060 e.
1708 3006 1987 3069 (formula),
2012 3009 2065 3057 in
2090 3024 2190 3074 qua

252 3198 310 3245 φ.
336 3190 404 3241 43,
429 3189 482 3229 26
518 3178 723 3228 Lac-hm.
762 3178 823 3226 L.
848 3186 888 3230 5.
968 3215 980 3226 .
1014 3185 1055 3227 5.
1094 3176 1159 3225 D.
1189 3178 1253 3226 de
1286 3180 1369 3227 ret·
1398 3176 1530 3229 vind.
1566 3173 1626 3239 (6.
1656 3175 1716 3238 1).
1768 3177 1805 3225 si
1844 3173 2081 3243 cognitor]
2122 3178 2191 3238 ef.

251 3243 315 3316 S.
341 3257 408 3298 86.
547 3241 599 3311 ξ.
628 3246 707 3299 56.
747 3241 907 3310 supra]
975 3281 987 3294 .
1010 3254 1077 3297 53.
1114 3240 1290 3309 miuus]
1327 3245 1398 3308 ef.
1424 3244 1487 3294 L.
1515 3254 1556 3296 2.
1595 3242 1648 3308 S.
1675 3258 1714 3296 1.
1756 3245 1810 3295 G.
1843 3246 1907 3294 de
1926 3247 2061 3307 plur.
2085 3249 2191 3306 pet.

251 3321 327 3379 ’(8,
361 3312 449 3378 10).
487 3339 555 3350 —
587 3313 651 3362 L.
676 3323 741 3362 18.
777 3313 844 3362 D.
879 3328 1047 3366 comm,
1083 3311 1184 3361 div.
1220 3308 1309 3374 (ιο,
1334 3311 1398 3375 3).
1448 3327 1548 3361 exc.
1585 3313 1658 3361 lit.
1689 3308 1998 3375 diu.]-ef'.-S.
2029 3320 2121 3361 122.

325 3379 377 3450 ξ.
407 3383 489 3435 57.
525 3375 745 3446 petitum]
784 3380 855 3440 ef.
884 3374 938 3446 S.
962 3390 1030 3429 68.
1073 3373 1431 3444 constringitur]
1471 3380 1540 3440 cf.
1569 3376 1622 3440 S.
1650 3386 1739 3430 52⁸.
1783 3383 1828 3426 in
1860 3379 2026 3437 integr.
2054 3373 2191 3440 rest,]

249 3451 326 3513 cf.
354 3445 449 3516 53.
479 3459 545 3500 53.
573 3458 660 3498 125.
701 3459 743 3509 2,
775 3457 863 3497 163.
1000 3444 1051 3512 §-
1080 3447 1161 3500 58.
1204 3446 1281 3507 Cf.
1308 3442 1402 3510 83.
1430 3456 1496 3494 40.
1524 3455 1590 3494 55.
1733 3441 1784 3509 ὅ.
1809 3444 1889 3492 59.
1930 3443 2008 3504 Cf.
2036 3444 2100 3493 L.
2124 3454 2190 3496 aa.

256 3519 323 3570 D.
352 3520 416 3567 de
452 3522 551 3569 aet.
579 3518 731 3580 empti
768 3513 858 3578 (19,
883 3513 951 3577 2).
986 3515 1049 3564 L.
1076 3524 1143 3564 1‘1.
1184 3511 1236 3577 S.
1263 3525 1305 3562 4.
1341 3514 1406 3561 D.
1443 3512 1682 3563 commod.
1721 3514 1808 3574 (13,
1835 3509 1899 3573 6).
1925 3534 1994 3545 -
2029 3510 2094 3560 L.
2125 3521 2193 3560 78.

256 3584 313 3651 S.
339 3597 379 3638 1.
421 3585 481 3633 D.
509 3583 573 3633 de
596 3599 803 3648 procur.
835 3582 896 3645 (3,
928 3584 995 3643 3).
