2546 3928
205 941 349 1009 [143]
439 975 448 984 .
904 934 1389 976 COMMENTARIVS
1438 933 1775 976 SECVNDVS.

500 1054 549 1111 1.
610 1056 926 1125 Superiore
967 1058 1369 1111 commentario
1424 1055 1494 1109 de
1548 1057 1675 1109 iure
1710 1069 2101 1125 personarum
2143 1070 2307 1126 expo·
2326 1064 2406 1112 55.

369 1142 608 1207 suimus;
655 1141 817 1195 modo
850 1139 1126 1194 uideamus
1159 1139 1225 1194 de
1256 1138 1450 1194 rebus:
1494 1154 1643 1212 quae
1673 1138 1767 1194 uel
1809 1141 1862 1194 iu
1905 1147 2098 1194 nostro
2141 1139 2363 1210 patri-¹·
2391 1146 2428 1177 ⁵·-

368 1226 552 1279 monio
585 1234 732 1295 sunt,
766 1223 856 1279 uel
889 1231 1035 1278 extra
1068 1233 1317 1278 nostrum
1352 1225 1730 1295 patrimonium
1764 1222 2049 1279 habentur.

498 1304 553 1363 2.
590 1308 817 1364 Summa
856 1310 1039 1380 itaquo
1083 1324 1262 1362 rerum
1296 1306 1493 1363 diuisit)
1536 1311 1592 1362 in
1637 1309 1782 1364 duos
1822 1309 2106 1363 articulos
2134 1309 2306 1364 dedu-

372 1396 560 1448 citur.-
603 1411 734 1447 nam
779 1395 930 1447 aliae
970 1399 1102 1446 sunt
1131 1393 1312 1447 diuini
1339 1394 1505 1461 iuris,
1550 1391 1678 1446 aliae
1712 1392 1943 1446 humani.
2032 1385 2087 1446 3.
2136 1392 2307 1447 Diuiui

371 1479 516 1532 iuris
558 1483 685 1530 sunl
730 1476 899 1530 uoluti
943 1492 1028 1528 res
1071 1491 1268 1530 sacrae
1311 1482 1365 1528 et
1408 1474 1711 1547 religiosae.
1810 1473 1867 1530 4.
1928 1474 2118 1530 Sacrae
2157 1485 2307 1543 suut,

376 1576 515 1631 quae
560 1559 645 1612 Dis
688 1559 901 1630 superis
945 1567 1297 1613 consecratae
1341 1565 1494 1619 sunt;
1539 1558 1849 1630 religiosae,
1894 1574 2031 1631 quae
2071 1559 2174 1613 Diis
2206 1559 2309 1614 Ma·

375 1643 535 1697 nibus
580 1642 795 1697 relictae
842 1649 986 1697 sunt.
1074 1639 1125 1698 5.
1176 1641 1290 1698 Sed
1328 1658 1537 1696 sacrum
1581 1642 1820 1713 ’quidem
1864 1645 2045 1698 solum
2096 1650 2309 1699 [centum

374 1719 782 1782 existumatur¹
837 1727 1156 1782 auctoritate
1197 1729 1401 1799 populi
1437 1725 1685 1783 Romam·
1718 1729 1881 1798 fieri;
1927 1736 2312 1784 consecratur

373 1814 519 1867 enim
560 1814 683 1883 Ieye
725 1812 794 1865 de
835 1827 893 1866 ea
936 1809 1129 1866 relata
1171 1819 1264 1865 aut
1297 1811 1770 1867 senatusconsulto
1816 1811 1977 1868 sacto.
2068 1808 2125 1868 6.
2171 1812 2309 1868 Reli-

372 1897 599 1971 giosum
636 1911 768 1949 uero
801 1902 982 1950 nostra
1026 1894 1310 1951 uoluntate
1356 1896 1573 1951 facimus
1611 1902 1882 1951 mortuum
1925 1897 2222 1953 inferentes
2254 1898 2308 1951 in

373 1980 549 2034 locum
595 1989 866 2051 nostrum,
909 1981 954 2034 si
986 1980 1145 2035 modo
1190 1983 1306 2035 eius
1339 1983 1539 2036 mortui
1581 1981 1743 2036 funus
1788 1982 1851 2036 ad
1892 1998 1992 2036 nos
2023 1984 2306 2053 pertineat.

370 2061 424 2119 7.
473 2063 575 2119 Sed
623 2066 675 2119 in
718 2064 1037 2137 prouinciali
1079 2063 1198 2119 solo
1232 2064 1408 2138 placet
1439 2064 1737 2137 plerisque,
1781 2064 1961 2119 solum
1991 2064 2310 2137 religiosum

370 2165 482 2203 non
526 2147 658 2218 fieri,
708 2149 829 2221 quia
861 2150 913 2203 in
949 2164 1013 2204 eo
1045 2142 1222 2204 ’sol02
1266 2149 1563 2203 dominium
1609 2147 1798 2221 populi
1828 2146 2050 2203 Romani
2093 2156 2176 2202 est
2224 2148 2311 2203 uel

370 2233 630 2303 Caesaris,
678 2249 778 2288 nos
810 2242 987 2288 autem
1019 2235 1420 2305 possessionem
1466 2241 1671 2288 tantum
1705 2239 1760 2288 et
1790 2232 2188 2288 usumfructum
2222 2233 2310 2288 ha·

369 2319 501 2372 bere
536 2316 811 2386 uidemur3
857 2319 1045 2389 utique
1077 2326 1255 2373 tamen
1290 2319 1564 2374 eiusmodi
1587 2320 1769 2387 locus,
1814 2320 1949 2388 licet
1980 2335 2091 2374 non
2125 2320 2196 2374 sit
2227 2334 2309 2371 re-

370 2401 625 2473 ligiosus,
669 2418 767 2473 pro
800 2402 1059 2475 reliyioso
1091 2403 1357 2469 habetur,
1403 2403 1524 2474 quia
1557 2400 1713 2456 etiam
1748 2402 1894 2474 quod
1925 2403 1978 2456 in
2011 2403 2309 2473 prouinciis

220 2498 348 2566 [149]
374 2501 484 2540 non
519 2501 578 2539 ex
613 2488 933 2541 auctoritate
961 2485 1150 2559 populi
1169 2486 1392 2541 Romani
1419 2493 1792 2540 consecratum
1820 2494 1925 2553 est,
1957 2479 2155 2556 ⁹(etsi)3
2187 2501 2311 2556 pro·

511 2648 549 2710 ¹)
575 2651 709 2698 Pala
731 2652 973 2713 scriptum
989 2649 1182 2710 fuisse:
1211 2643 1350 2709 (Jdem
1372 2649 1458 2697 sol.
1482 2649 1642 2700 tatum.
1682 2647 1809 2696 Nam
1830 2648 2034 2697 mobiles
2054 2664 2154 2706 res,
2181 2653 2311 2698 velut

366 2717 585 2779 hostiae,
623 2717 842 2766 donaria
877 2720 1026 2766 etiam
1059 2719 1167 2765 stne
1203 2717 1511 2765 auctoritate
1534 2716 1713 2779 populi
1735 2731 1919 2766 sacrae
1936 2718 2060 2779 fieri
2077 2719 2309 2780 possunt.

370 2786 590 2847 ‘quidem
614 2787 790 2833 solum’
817 2785 933 2833 edd.
983 2786 1176 2849 quidem
1204 2786 1362 2833 Iocum
1400 2785 1577 2832 nullum
1604 2786 1879 2833 existimant
1903 2788 2015 2834 sine
2036 2787 2117 2838 ed.
2147 2785 2239 2849 39.
2268 2796 2308 2835 5.

369 2852 453 2900 cui
477 2867 567 2899 cur
602 2852 680 2900 hic
714 2855 868 2901 solum
903 2867 1119 2909 sacrum,
1156 2868 1252 2901 non
1288 2867 1446 2916 aeque
1482 2853 1766 2916 religiosum
1798 2847 1849 2917 S.
1879 2862 1917 2903 7.
1956 2854 2102 2901 valde
2129 2854 2306 2915 displi-

370 2921 551 2980 cuerit,
579 2935 779 2968 causam
806 2936 903 2969 non
927 2922 1089 2974 video,
1160 2918 1205 2981 ²)
1232 2920 1477 2970 Fortasse
1504 2922 1763 2983 leyendum
1790 2922 1799 2968 i
1804 2935 1966 2982 psum.
2040 2918 2081 2981 3)
2109 2920 2310 2970 Addidi

370 2984 593 3048 (excidit
605 2994 729 3050 post
749 2984 958 3043 esurum
977 2989 1220 3051 scriplum
1239 2996 1374 3037 esset
1394 2984 1505 3049 esi).
1548 2990 1876 3052 ‘quanquam'
1901 2990 2070 3051 suppl.
2097 2988 2306 3038 Goesclz.

370 3055 564 3117 proprie
591 3055 787 3119 quidem
813 3057 893 3105 ed.
922 3055 1018 3117 By.
1043 3065 1085 3104 5.

507 3203 558 3271 ξ.
590 3210 634 3258 1.
660 3227 725 3247 =
746 3223 830 3270 pr.
864 3206 909 3254 I.
936 3208 997 3256 de
1022 3222 1126 3255 rer.
1155 3208 1297 3256 divis.
1324 3207 1384 3270 (2,
1411 3205 1476 3269 1).
1550 3204 1634 3272 ἓξ.
1661 3210 1706 3256 2.
1729 3208 1777 3256 3.
1806 3228 1872 3248 =
1898 3208 1961 3262 L.
1984 3222 2021 3258 1.
2045 3225 2128 3272 pr.
2155 3210 2215 3256 D.
2243 3210 2306 3256 de

366 3290 472 3323 rer.
501 3276 643 3323 divis.
678 3274 739 3335 (1,
765 3273 827 3335 8).
936 3270 984 3337 ξ.
1011 3276 1058 3323 ’4.
1100 3274 1180 3334 Cf.
1212 3270 1247 3341 S
1296 3285 1334 3323 7.
1370 3274 1419 3329 J,
1447 3275 1508 3324 de
1534 3290 1638 3324 rer.
1668 3276 1767 3326 div.
1804 3274 1864 3337 (2,
1894 3276 1956 3339 1).
2062 3273 2113 3342 ξ.
2142 3277 2186 3324 5.
2227 3274 2308 3336 Cf.

369 3336 422 3407 3.
449 3350 489 3395 s,
537 3341 583 3395 I.
611 3341 675 3395 ib.
701 3342 763 3390 L.
792 3353 920 3404 9pr.
961 3337 1050 3407 §S
1089 3354 1128 3391 1.
1165 3352 1205 3391 2.
1252 3343 1310 3393 D.
1340 3344 1451 3394 eod.
1480 3342 1542 3403 (1,
1570 3341 1635 3404 s).
1689 3344 1748 3390 L.
1787 3347 1874 3392 ult.
1916 3346 1977 3393 D.
2007 3349 2062 3390 ut
2094 3344 2144 3390 in
2170 3357 2308 3404 poss,

368 3413 465 3473 Iey.
503 3406 589 3471 (36,
625 3408 688 3470 4),
741 3409 842 3461 Cic.
882 3411 944 3457 de
981 3410 1188 3473 har-usp.
1224 3425 1361 3472 resp.
1395 3420 1436 3457 6.
1484 3411 1554 3459 ad
1587 3411 1746 3458 Attio.
1780 3421 1821 3465 4,
1848 3419 1888 3461 2.
1924 3405 1983 3472 S.
2007 3419 2046 3457 3.
2094 3409 2233 3457 Fest.
2261 3425 2308 3462 υ,

369 3476 622 3526 Sacratae
650 3480 800 3539 leyeS.
828 3476 989 3526 Sacer
1015 3492 1153 3526 mons
1183 3494 1239 3540 p.
1265 3486 1359 3527 318.
1464 3474 1515 3541 ξ.
1540 3477 1587 3525 6.
1637 3476 1713 3538 Cf.
1742 3474 1796 3537 S.
1824 3486 1865 3524 9.
1906 3475 1955 3521 1.
1985 3476 2047 3523 de
2074 3489 2178 3523 rer.
2206 3476 2308 3525 div.

371 3541 432 3607 (2,
464 3542 529 3607 1).
570 3566 573 3570 ’
608 3542 659 3611 ξ.
687 3546 734 3598 7.
779 3545 856 3606 Cf.
893 3555 929 3600 1,
965 3556 1006 3595 6.
1043 3555 1085 3602 2,
1121 3556 1184 3595 21.
1215 3555 1282 3592 46.
1323 3543 1554 3592 Frontin.
1584 3545 1647 3591 de
1673 3548 1897 3590 controv.
1925 3555 2038 3603 agr.
2070 3556 2125 3602 p.
2151 3550 2217 3589 36.
2242 3550 2309 3590 63.

368 3611 576 3661 Lachne.
617 3613 751 3663 Plin.
780 3629 859 3675 ep.
888 3623 950 3671 10,
979 3622 1027 3660 62
1055 3610 1162 3673 (59).
1209 3609 1470 3671 Theophil.
1502 3618 1543 3667 2,
1574 3618 1611 3659 1.
1639 3602 1691 3670 S.
1720 3616 1788 3653 40.
