2546 3928
787 209 905 244 &Au
942 211 1137 248 1Ns‘r1'r.
1177 197 1247 247 11.
1289 198 1523 249 62—64.
1562 199 1795 248 80-82.
2173 195 2254 252 83

448 331 545 390 62.
596 329 831 390 ¹Accidit
864 335 1170 407 aliquando,
1207 344 1264 390 ut
1297 336 1386 407 qui
1421 333 1671 389 dominus
1705 338 1794 407 sit,
1833 336 2146 392 alienandae
2183 338 2259 390 rei

310 427 642 492 potestatem
688 436 799 474 non
846 418 1055 488 habeat,
1110 428 1165 475 et
1209 421 1298 491 qui
1345 419 1598 473 dominus
1640 436 1748 474 non
1792 422 1894 491 sit,
1947 414 1958 496 1
2008 423 2250 477 alienare
2275 430 2360 478 69.

310 503 507 576 possit.
600 500 699 559 63.
747 502 876 558 Nam
910 503 1091 558 dotale
1122 502 1400 577 praedium
1435 505 1658 558 maritus
1693 505 1864 559 inuita
1895 503 2129 558 muliere
2160 521 2259 576 per

310 588 490 660 legem
521 587 708 642 [uliam
738 586 1065 660 prohibetur
1107 589 1360 657 alienare,
1407 590 1654 661 quamuis
1685 589 1853 661 ipsius
1887 592 1960 643 sit
1992 587 2078 642 uel
2112 605 2257 641 man-

311 673 549 744 cipatum
598 674 644 727 ei
698 671 840 727 dotis
894 688 1052 726 eausa
1107 672 1191 727 uel
1244 673 1300 727 in
1346 673 1464 727 iure
1517 689 1730 727 cessum
1774 673 1859 728 uel
1917 682 2253 744 usucaptum.

312 756 461 828 quod
507 756 720 828 quidem
768 758 849 810 ius
894 767 1077 811 utrum
1120 756 1182 811 ad
1225 757 1405 815 Italica
1452 765 1658 811 tantum
1702 756 1943 829 praedia,
1985 774 2047 811 an
2094 758 2255 811 etiam

310 840 375 896 ad
409 841 761 913 prouincialia
794 842 1086 914 pertineat,
1118 841 1415 897 dubitatur.
1518 837 1614 897 64.
1665 840 1737 895 Ex
1772 842 1990 896 diuerso
2023 850 2254 913 agnatus

309 925 505 979 furiosi
550 933 769 981 curator
811 942 922 980 rem
966 925 1160 981 furiosi
1200 926 1437 981 alienare
1478 934 1661 998 potest
1708 943 1771 981 ex
1815 926 1938 999 lege
1981 938 2071 981 xn
2104 924 2255 979 tabu-

306 1011 507 1077 larum3
553 1011 681 1064 item
726 1019 1050 1082 procurator
1092 1010 1229 1066 'rem
1262 1015 1401 1079 θέεις,
1440 1015 1447 1077 Ι
1485 1030 1519 1066 α
1554 1029 1664 1084 quo
1697 1027 1878 1066 rerum
1924 1012 1969 1066 ei
2015 1012 2251 1065 admini-

165 1107 287 1163 [163]
309 1097 518 1150 stratio
550 1096 680 1150 data
714 1087 873 1167 68132
911 1096 1040 1150 item
1074 1095 1309 1150 creditor
1338 1097 1535 1168 pignus
1567 1113 1630 1150 ex
1663 1088 1962 1168 pactione‚³
2009 1095 2252 1167 quamuis

310 1180 426 1233 eius
460 1194 519 1232 ea
551 1196 637 1233 res
668 1196 779 1233 non
811 1180 899 1233 sit.
964 1179 1059 1233 sed
1091 1179 1196 1234 hoc
1227 1179 1453 1234 forsitan
1484 1181 1611 1235 ideo
1646 1180 1894 1245 uideatur
1928 1179 2059 1249 fieri,
2102 1177 2247 1251 quod

312 1262 596 1317 uoluntate
618 1263 878 1318 debitoris
901 1264 1240 1336 intellegitur
1263 1266 1461 1337 pignus
1493 1265 1737 1335 alienari,
1771 1265 1862 1336 qui
1896 1264 2023 1318 olim
2056 1271 2248 1335 pactus

309 1354 412 1416 est,
441 1355 501 1401 ut
523 1347 712 1402 liceret
735 1346 997 1402 creditori
1021 1349 1222 1420 pignus
1249 1348 1504 1418 uendere,
1531 1350 1575 1402 si
1598 1349 1827 1421 pecunia
1852 1364 1960 1402 non
1981 1347 2249 1401 soluatur.

436 1447 558 1486 1111.
605 1431 685 1486 DE
716 1448 1003 1489 PVPILLIS
1035 1449 1117 1487 AN
1141 1447 1404 1494 Avam
1436 1451 1473 1487 A
1509 1447 1580 1487 sn
1612 1448 1926 1488 ALIENARE
1949 1445 2248 1488 POSSVNT.

306 1511 417 1571 80.
464 1515 618 1569 Nunc
660 1515 982 1569 admonendi
1024 1531 1230 1587 summ,
1275 1531 1450 1586 neque
1486 1515 1731 1569 seminam
1776 1531 1953 1586 neque
1984 1515 2252 1588 pupillum

308 1602 429 1655 sine
465 1600 662 1652 tutoris
697 1600 1023 1653 auctoritate
1065 1615 1176 1652 rem
1215 1599 1441 1671 mancipi
1476 1598 1711 1655 alienare
1744 1615 1935 1672 posse3
1980 1615 2078 1653 nec
2110 1615 2252 1652 man·

310 1683 417 1754 cipi
478 1697 607 1735 uero
648 1681 895 1737 feminam
944 1682 1156 1755 quidem
1199 1698 1383 1755 posse,
1426 1683 1691 1756 pupillum
1734 1700 1845 1738 non
1886 1699 2068 1757 posse.
2158 1680 2247 1739 81.

308 1766 547 1838 Ideoque
578 1768 622 1820 si
656 1767 872 1839 quando
905 1767 1099 1821 mulier
1128 1775 1366 1821 mutuam
1397 1769 1678 1841 pecuniam
1716 1768 1872 1824 alicui
1906 1770 2018 1824 sine
2051 1768 2248 1824 tutoris

305 1852 632 1907 auctoritate
674 1850 914 1922 dederit,
970 1853 1097 1924 quia
1139 1851 1263 1907 facit
1317 1868 1431 1908 eam
1481 1854 1822 1926 accipientiS‚
1870 1871 1991 1908 cum
2045 1854 2248 1909 scilicet

303 1929 588 2010 ’pecunia⁴
643 1952 730 1991 res
772 1953 872 1991 nec
912 1937 1139 2010 mancipi
1183 1937 1271 2004 sit,
1326 1939 1598 1994 contrahit
1644 1937 2047 2011 obligationem.
2148 1934 2245 1993 82.

245 2090 250 2092 Α
306 2023 374 2075 At
405 2022 452 2075 si
483 2021 725 2093 pupillus
752 2022 890 2075 idem
917 2022 1130 2092 fecerit,
1164 2024 1288 2094 quia
1313 2026 1436 2077 sine
1462 2026 1670 2078 tutoris
1691 2028 2041 2090 auctoritate
2063 2037 2246 2090 pecu·

305 2110 460 2160 niam
502 2122 618 2161 non
655 2106 808 2177 facit
841 2108 1199 2176 accipientiS,
1241 2105 1453 2161 nullam
1498 2107 1784 2160 contrahit
1829 2104 2243 2177 obligationem:

305 2190 447 2244 unde
490 2189 729 2261 pupillus
775 2189 1046 2244 uindicare
1090 2192 1309 2262 quidem
1351 2206 1602 2245 nummos
1647 2206 1773 2244 suos
1817 2196 2023 2262 potest,
2076 2189 2243 2244 sicubi
2295 2201 2301 2204 ’

303 2282 510 2342 extent,
557 2273 610 2327 id
654 2284 737 2329 est
772 2274 1078 2340 ’intendere
1119 2290 1250 2330 suos
1295 2291 1359 2329 ex
1401 2277 1518 2330 iure
1561 2272 1847 2341 Quiritium
1894 2289 2045 2342 esse;
2092 2274 2243 2329 mala

413 2465 416 2466 ⁷
445 2471 479 2533 ¹)
517 2473 598 2521 De
620 2473 716 2523 lzoc
744 2471 835 2535 SS.
861 2484 1047 2522 62—64.
1074 2489 1195 2522 vero
1220 2476 1331 2522 loco
1357 2474 1425 2532 cf.
1456 2481 1559 2522 not.
1588 2479 1706 2520 ante
1735 2472 1788 2534 S.
1807 2481 1878 2520 65.
1906 2480 1955 2519 et
1980 2474 2050 2519 ad
2075 2470 2168 2533 SS.
2194 2482 2245 2521 80

299 2549 439 2589 —85.
470 2536 526 2605 S.
546 2552 587 2589 2.
629 2540 675 2592 J.
704 2542 835 2604 quib.
862 2542 1011 2589 alien.
1042 2543 1121 2588 lic.
1150 2540 1209 2599 (2,
1235 2539 1302 2601 8).
1372 2538 1419 2603 ²)
1448 2540 1710 2601 Supplevi‚
1735 2541 1913 2587 duetus
1942 2536 2125 2587 Sched.
2154 2555 2242 2587 εω-

295 2608 527 2669 plicans:
554 2624 603 2656 R.
635 2613 672 2656 e’
704 2618 709 2658 1
740 2625 766 2657 a
792 2625 820 2671 q
849 2625 941 2657 rer.
970 2610 1009 2655 ei
1039 2608 1294 2656 adffiistraw
1323 2608 1427 2655 data
1457 2609 1498 2656 ὃ.
1543 2606 1618 2668 Cf.
1647 2606 1710 2656 L.
1735 2616 1800 2654 48.
1827 2603 1881 2667 S.
1902 2618 1939 2653 1.
1973 2606 2039 2654 D.
2068 2607 2131 2655 de
2154 2621 2241 2669 pe·

297 2676 394 2723 cul.
424 2672 513 2739 (15,
546 2675 599 2737 t).
641 2677 706 2726 L.
732 2686 798 2725 58.
838 2676 903 2723 D.
931 2677 994 2723 de
1016 2689 1227 2738 procur.
1256 2672 1317 2736 (3,
1342 2671 1407 2736 3).
1445 2675 1514 2734 id,
1542 2675 1681 2721 cuius
1699 2674 1855 2722 libera
1880 2675 2239 2724 administratio

297 2744 349 2791 ei
385 2744 506 2791 data
545 2752 614 2792 est
652 2742 750 2807 By.
784 2745 865 2792 ed.
902 2754 942 2794 5.
982 2743 1098 2791 Non
1117 2741 1303 2804 pr0b0‚
1332 2746 1450 2805 quia
1473 2742 1782 2805 sinyularum
1806 2757 1974 2790 rerum
1999 2758 2240 2792 concessa

296 2811 674 2859 administratio
701 2827 799 2861 non
820 2812 1040 2859 continet
1061 2810 1322 2859 alienandi
1339 2810 1651 2871 facultatem.
1693 2809 1771 2870 Cf.
1803 2812 1950 2858 etiam
1970 2810 2240 2874 Dernbury

285 2875 625 2938 Pfandreelzt
649 2878 736 2929 II.
762 2895 815 2942 p.
844 2890 938 2928 109.
1044 2875 1085 2941 3)
1121 2880 1155 2928 i.
1186 2893 1230 2927 e.
1265 2877 1451 2942 pignus
1484 2879 1813 2927 conventione
1849 2879 1897 2925 ei
1924 2879 2109 2937 datum,
2140 2893 2238 2927 non

295 2953 516 3007 captum.
609 2944 652 3006 4)
692 2963 741 2994 ea
768 2948 966 3010 pecunia
1005 2948 1121 2995 edd.
1150 2946 1220 3007 ef.
1249 2946 1452 2995 ‘Gaius’
1480 2962 1530 3007 p.
1557 2957 1622 2994 35.

294 3100 382 3151 cit.
413 3098 466 3162 S.
494 3108 557 3148 25.
601 3099 648 3147 I.
687 3099 762 3151 tit.
800 3099 883 3146 cit.
913 3098 1053 3160 Epic.
1082 3108 1121 3153 2,
1150 3110 1188 3145 1.
1247 3093 1276 3145 ⁸.
1302 3108 1342 3145 5.
1450 3095 1500 3163 S.
1527 3099 1609 3149 62.
1636 3117 1702 3137 =
1726 3113 1808 3160 pr.
1837 3096 1883 3145 I.
1920 3098 2051 3161 quib.
2080 3100 2231 3148 alien.

294 3168 378 3214 lic.
410 3166 472 3230 (2,
498 3168 563 3226 8).
636 3164 685 3232 S.
715 3167 796 3215 63.
833 3182 917 3229 pr.
939 3166 987 3213 I.
1008 3168 1091 3219 cit.
1116 3166 1194 3225 Cf.
1221 3166 1367 3216 Paul.
1393 3177 1434 3219 2.
1462 3177 1510 3214 21
1534 3165 1602 3215 B.
1628 3163 1680 3227 S.
1707 3176 1746 3217 2.
1819 3161 1871 3231 S.
1900 3167 1982 3218 64.
2022 3166 2099 3228 Cf.
2130 3166 2232 3214 Cic.

295 3236 360 3283 de
385 3238 572 3284 invent.
597 3244 638 3296 2,
670 3244 735 3283 50.
766 3236 836 3283 ad
857 3234 1083 3283 Herenn.
1111 3245 1149 3290 1,
1177 3243 1239 3282 18.
1279 3231 1388 3295 Ulp.
1420 3245 1483 3294 12,
1508 3245 1549 3283 2.
1576 3259 1642 3268 -
1669 3228 1721 3298 S.
1748 3242 1816 3283 43.
1841 3233 1889 3282 J.
1915 3235 1977 3282 de
2003 3249 2108 3285 rer.
2134 3234 2232 3282 div.

296 3300 359 3364 (2,
387 3302 452 3364 1).
484 3303 547 3350 L.
573 3312 612 3351 9.
642 3301 695 3365 S.
723 3312 763 3349 4.
806 3302 870 3351 D.
894 3302 957 3349 de
976 3316 1087 3365 aeq.
1107 3316 1214 3349 rer.
1244 3302 1370 3350 dom.
1401 3297 1486 3365 (41,
1509 3302 1573 3362 1).
1597 3326 1663 3335 -
1692 3300 1746 3363 S.
1774 3314 1813 3354 1.
1845 3300 1892 3348 I.
1920 3301 2052 3363 quib.
2081 3300 2232 3347 alien.

295 3369 357 3429 (2,
383 3371 449 3433 8).
487 3370 551 3418 L.
576 3380 641 3419 29.
681 3370 745 3417 D.
779 3369 901 3429 fam.
927 3385 1032 3420 erc.
1069 3369 1155 3431 (10,
1181 3370 1248 3433 2).
1292 3370 1353 3422 L.
1376 3379 1416 3416 6.
1457 3368 1512 3432 S.
1545 3378 1586 3417 8.
1625 3369 1691 3415 D.
1721 3385 1888 3419 comm.
1925 3368 2022 3417 div.
2049 3366 2138 3427 (10,
2164 3363 2229 3424 3).

293 3440 359 3492 L.
387 3451 429 3488 4.
465 3438 530 3485 D.
561 3440 625 3487 de
646 3442 782 3500 piyn.
812 3444 911 3487 act.
942 3432 1027 3501 (13,
1055 3436 1117 3493 7).
1154 3437 1213 3484 L.
1239 3448 1304 3489 14.
1332 3434 1386 3499 S.
1410 3447 1451 3488 5.
1489 3437 1555 3489 D.
1583 3439 1646 3484 de
1673 3437 1770 3485 cliv.
1798 3446 1950 3495 temp.
1981 3429 2072 3494 (44,
2100 3431 2162 3490 3).

292 3504 343 3571 §.
370 3508 452 3557 80.
493 3505 574 3568 Cf.
602 3518 643 3568 1,
666 3516 755 3555 192.
782 3517 823 3568 2,
848 3516 915 3554 47.
940 3514 1005 3554 85.
1042 3504 1154 3566 Ulp.
1175 3518 1239 3553 11.
1262 3514 1328 3552 27.
1358 3504 1443 3553 Fr.
1474 3504 1592 3551 ναι.
1618 3515 1655 3550 1.
1678 3513 1744 3549 45.
1771 3500 1836 3548 L.
1859 3509 1899 3547 9.
1931 3500 1993 3546 D.
2016 3501 2078 3546 de
2099 3503 2230 3545 auct.

295 3582 386 3623 tut.
417 3575 503 3636 (26,
527 3574 593 3636 8).
666 3570 717 3639 S.
745 3575 826 3621 82.
867 3572 947 3631 Cf.
976 3570 1028 3632 S.
1054 3581 1093 3618 2.
1124 3570 1171 3619 Ι.
1204 3571 1334 3634 quib.
1361 3571 1511 3617 alien.
1541 3570 1621 3617 lic.
1651 3567 1713 3626 (2,
1741 3569 1805 3624 8).

1757 3645 1825 3690 43*
