2546 3928
274 1628 354 1678 47.

392 204 471 260 62
974 220 1087 253 Gan
1125 220 1321 255 ms'nT.
1361 207 1400 256 1.
1443 208 1742 258 167—172.

389 354 515 401 sunt
545 344 1053 414 ’emancipatorum
1087 352 1140 399 et
1171 359 1309 416 quae
1329 337 1348 374 ¹
1391 341 1701 401 fiduciariae
1747 353 2037 401 uocantur
2062 350 2336 418 proprie,

390 446 525 502 quae
568 429 689 484 ide'o
732 430 889 485 nobis
933 436 1271 502 competunt,
1315 429 1438 500 quia
1478 430 1718 486 liberum
1751 438 1925 502 caput
1962 429 2332 502 mancipatum

384 514 542 569 nohis
597 513 682 568 uel
736 530 765 567 a
817 522 1041 586 parente
1097 513 1184 568 uel
1235 529 1265 568 a
1318 515 1782 587 coemptionatore
1831 514 2323 568 manumiserimus

382 593 505 654 167.
555 597 665 653 Sed
703 596 1008 653 Latinarum
1052 605 1107 654 et
1147 596 1461 652 Latinorum
1501 597 1828 671 inpuberum
1867 597 2054 653 ’tutela
2096 614 2212 653 non
2260 606 2325 654 ut
2347 602 2474 660 [141]

385 686 530 739 bona
563 698 757 738 eorum
788 681 852 737 ad
883 697 980 739 eos
1010 686 1221 755 utique,
1270 681 1368 754 qui
1398 697 1490 738 eos
1521 673 2017 750 manumiserunt,²
2057 683 2325 754 pertinet,

384 770 484 823 sed
522 767 586 823 ad
630 784 747 839 θος,
794 783 1025 841 quorum
1069 775 1203 823 ante
1244 766 1735 822 manumissionem
1775 782 1839 820 ex
1882 766 1997 820 iure
2029 763 2323 832 Quiritium

384 849 680 923 (fuerunt.-
711 854 862 908 unde
891 856 943 907 si
972 854 1185 908 ancilla
1213 866 1292 907 θέε
1320 853 1449 906 iure
1478 845 1793 923 Quiritium)
1831 860 1922 905 tua
1950 851 2042 922 sit,
2073 851 2128 904 in
2157 848 2321 906 bonis

382 953 517 1009 mea,
551 953 578 991 a
609 952 693 990 me
719 935 934 1008 quidem
956 926 1096 1005 solo,
1130 952 1242 992 non
1273 936 1431 991 etiam
1465 952 1494 989 a
1524 943 1577 990 te
1607 936 1933 991 manumissa
1961 934 2163 989 Latina
2195 933 2319 990 sieri

381 1027 584 1093 potest,
617 1030 672 1075 et
702 1021 841 1076 bona
873 1024 995 1076 eius
1025 1021 1105 1076 ad
1126 1034 1213 1074 me
1232 1023 1538 1091 pertinent,
1573 1020 1678 1075 sed
1696 1021 1820 1075 eius
1845 1021 2011 1076 tutela
2041 1019 2136 1073 tihi
2168 1035 2319 1074 com·

380 1106 548 1176 petit:
581 1120 702 1159 nam
733 1105 808 1158 ita
838 1103 960 1178 lege
991 1105 1139 1160 lunia
1170 1114 1423 1160 cauetur:
1467 1104 1652 1177 itaque
1682 1105 1727 1159 si
1758 1101 1823 1158 ab
1857 1119 1944 1171 eo,
1985 1102 2139 1158 cuius
2173 1111 2227 1158 et
2259 1104 2318 1158 in

380 1187 535 1244 bonis
576 1195 631 1244 et
673 1203 737 1243 ex
780 1191 896 1243 iure
928 1187 1214 1256 Quiritium
1258 1187 1449 1244 ancilla
1489 1188 1672 1254 fuerit,
1715 1187 1856 1243 facta
1899 1189 1970 1242 sit
1999 1186 2203 1258 Latina,
2245 1187 2318 1242 ad
2371 1254 2381 1261 .

380 1273 605 1328 eundem
641 1280 695 1327 et
727 1271 864 1327 bona
898 1281 953 1328 et
984 1272 1152 1328 tutela
1183 1266 1529 1345 'pertinent.3

502 1351 631 1414 168.
682 1361 933 1430 AgnatiS,
976 1359 1078 1430 qui
1111 1359 1347 1429 Ieyitimi
1387 1363 1607 1421 tutores
1648 1364 1797 1423 sunt,
1844 1357 1977 1421 item
2009 1355 2316 1411 manumis-

379 1441 590 1497 soribus
631 1443 954 1514 permissum
999 1449 1082 1497 est
1124 1440 1444 1496 feminarum
1477 1439 1699 1496 tutelam
1731 1439 1818 1494 alii
1849 1441 1903 1496 in
1935 1441 2052 1495 iure
2084 1439 2310 1508 cedere3

376 1526 706 1600 pupillorum
757 1534 936 1582 autem
994 1525 1213 1582 tutelam
1265 1541 1377 1581 non
1430 1535 1511 1581 est
1553 1526 1876 1598 permissum
1921 1523 2133 1593 cedere,
2188 1525 2315 1596 quia

377 1630 491 1668 non
523 1614 753 1668 uidetur
782 1603 1102 1688 ’one'rosa,4
1132 1627 1252 1666 cum
1286 1618 1532 1683 tempore
1563 1608 1860 1683 pubertatis
1893 1607 2128 1663 finiatur.
2172 1602 2309 1664 169.

375 1695 421 1750 ls
466 1704 667 1765 autem,
716 1697 804 1750 cui
846 1696 1056 1751 ceditur
1098 1694 1290 1764 tutela,
1345 1695 1599 1749 cessicius
1648 1701 1800 1750 tutor
1844 1701 2087 1749 uocatur.
2177 1687 2308 1750 170.

375 1778 491 1844 Quo
535 1788 753 1833 mortuo
797 1788 886 1833 aut
927 1779 1102 1850 capite
1146 1777 1411 1832 diminuto
1454 1779 1751 1863 reuegtitur
1792 1777 1856 1832 ad
1903 1793 2025 1832 eum
2069 1785 2310 1832 tutorem

373 1861 562 1931 tutela,
606 1863 697 1935 qui
729 1862 917 1929 cessit3
958 1863 1075 1934 ipse
1106 1877 1347 1934 quoque,
1392 1863 1483 1934 qui
1514 1863 1699 1936 cessit,
1740 1863 1784 1915 si
1815 1870 2065 1929 mortuus
2095 1869 2190 1916 aut
2220 1877 2310 1916 ca-

371 1948 483 2021 pite
514 1945 822 2003 diminutus
852 1947 944 2017 sit,
987 1963 1014 2002 a
1045 1947 1279 2003 cessicio
1323 1946 1494 2002 tutela
1535 1945 1763 2003 discedit
1806 1955 1861 2002 et
1903 1946 2200 2002 reuertitur
2242 1946 2309 2001 ad

373 2049 515 2104 eum,
561 2034 652 2106 qui
681 2039 811 2105 post
840 2047 983 2104 eum,
1030 2034 1121 2105 qui
1152 2041 1409 2100 cesserat,
1454 2031 1753 2087 secundum
1781 2030 2010 2106 gradum
2049 2032 2104 2086 in
2137 2029 2310 2086 tutela

372 2116 638 2173 habuerit.
726 2112 841 2173 171.
876 2116 1002 2173 ’Sed
1040 2126 1301 2189 quantum
1346 2116 1410 2187 ad
1455 2125 1682 2190 agnatos
1726 2118 1982 2189 pertinet,
2025 2115 2160 2171 nihil
2203 2115 2310 2171 hoc

375 2210 617 2275 tempore
659 2201 724 2255 de
756 2202 975 2256 cessicia
1020 2199 1187 2256 tutela
1232 2202 1529 2273 quaeritur,
1584 2217 1706 2257 cum
1750 2209 2070 2273 agnatorum
2101 2200 2309 2255 tutelae

370 2287 424 2339 in
466 2285 678 2340 seminis
716 2284 839 2357 lege
881 2283 1093 2339 Claudia
1136 2282 1376 2340 sublatae
1419 2287 1547 2341 sint.
1663 2279 1787 2341 172.
1847 2283 1952 2340 Sed
1994 2281 2306 2339 fiduciarius

375 2384 594 2442 quoque
634 2366 848 2440 quidam
892 2376 1225 2441 putauerunt
1266 2368 1537 2424 cedendae
1581 2369 1779 2424 tutelae
1817 2370 1903 2423 ius
1944 2385 2054 2424 non
2085 2367 2303 2439 habere,

371 2471 490 2509 cum
534 2454 634 2526 ipsi
679 2469 737 2508 se
787 2454 936 2509 oneri
980 2451 1326 2509 subiecerint.
1392 2453 1537 2526 quod
1579 2451 1682 2509 etsl
1724 2453 1950 2526 placeat,
1991 2454 2045 2508 in
2076 2461 2306 2526 parente

367 2601 688 2665 sequentibus
711 2618 770 2651 uc
797 2600 897 2665 (vel
918 2600 1005 2667 qi).
1042 2603 1255 2651 ‘etiam’
1294 2616 1364 2651 ex
1389 2602 1595 2652 Laclzm.
1630 2603 1704 2664 ej.
1742 2601 1824 2654 ed.
1851 2600 1949 2666 By.
2088 2597 2130 2665 ¹)
2168 2601 2305 2650 Puta

365 2670 608 2732 seriptum
636 2669 831 2731 fuisse:
867 2671 1206 2733 emancipator.
1244 2678 1290 2718 et
1315 2684 1449 2732 quae.
1486 2668 1584 2732 By.
1619 2685 1690 2719 eoe
1713 2669 1920 2717 Laekm.
1948 2670 2017 2731 ej.
2044 2669 2154 2719 ed.:
2188 2672 2306 2719 ‘eae

368 2737 494 2784 enim
529 2738 717 2785 tutelae
748 2737 988 2794 scilieet’,
1035 2752 1099 2785 ne
1132 2738 1185 2785 in
1227 2736 1395 2786 verbis
1430 2739 1626 2801 quidem
1668 2736 1951 2797 serendum.
2010 2735 2304 2786 Praeterea

371 2802 525 2853 Gaius
558 2818 652 2852 nec
681 2804 1028 2867 pravissimam
1058 2804 1234 2852 Icarum
1259 2805 1526 2864 tutelarum
1547 2805 1783 2867 speeiem,
1819 2818 1947 2868 quae
1966 2809 2045 2853 est
2065 2807 2304 2867 parentis

367 2872 784 2935 emancipatort‘s,
829 2871 924 2920 hoe
958 2873 1068 2921 loco
1103 2872 1337 2921 omittere
1372 2886 1533 2936 neque
1570 2872 1617 2920 si
1647 2869 2119 2935 comprehendebat,
2169 2887 2303 2936 quae

366 2942 551 2989 tutelae
563 2938 870 3001 fiduciariae
887 2940 1045 2988 minus
1061 2941 1279 3003 proprie
1297 2946 1619 3000 vocarentur,
1649 2954 1748 2989 non
1764 2940 2055 3003 siqnificare
2069 2946 2302 3002 poterat.

370 3005 443 3067 Cf.
472 3009 572 3058 titt.
598 3006 648 3056 J.
675 3019 716 3069 1,
742 3018 805 3057 18.
830 3017 895 3059 19.
934 3005 1078 3068 infra
1104 3000 1272 3072 3172.
1367 3003 1410 3071 ²)
1449 3005 1540 3056 Ex
1564 3021 1673 3056 mea
1698 3008 2033 3059 restitutione.
2072 3008 2184 3056 Atii
2204 3009 2300 3056 ali-

365 3082 459 3131 ter,
484 3074 702 3135 pessime
726 3075 931 3124 Roeder
954 3075 1029 3124 ad
1052 3073 1170 3137 Uip.
1188 3090 1245 3137 p.
1270 3082 1339 3128 49.
1420 3070 1462 3136 ³)
1499 3075 1704 3137 pertinet
1727 3071 1910 3123 Sched.
1936 3074 2055 3123 edd.
2125 3072 2170 3137 ⁴)
2206 3073 2302 3123 Ex

362 3140 550 3190 Hollw.
585 3142 653 3203 ej.
690 3156 866 3190 annosa
901 3142 982 3191 ed.
1020 3140 1121 3205 By.
1170 3140 1280 3191 Sed
1308 3156 1552 3191 annosum
1587 3147 1682 3202 est,
1711 3143 1966 3205 quodiam
1989 3141 2160 3205 habet,
2196 3156 2299 3192 non

365 3210 502 3271 quod
524 3209 820 3257 duraturum
845 3216 922 3257 est
943 3211 1123 3258 multos
1149 3224 1326 3259 armoe.
1365 3209 1444 3258 De
1469 3223 1625 3258 onere
1649 3224 1768 3259 vero
1793 3208 1864 3269 ef.
1890 3204 2057 3274 3172.

497 3357 548 3428 ξ.
581 3361 695 3411 167.
733 3359 815 3422 Cf.
847 3360 961 3423 Ulp.
989 3372 1055 3423 11,
1078 3370 1144 3410 19.
1183 3375 1347 3424 supra
1372 3357 1426 3423 3.
1454 3369 1519 3410 35.
1545 3370 1588 3423 3,
1614 3369 1680 3410 56.
1706 3386 1772 3395 —-
1798 3360 1863 3410 L.
1886 3362 2026 3412 Flav.
2053 3360 2198 3423 Salp.
2225 3372 2299 3413 23.

359 3426 410 3493 ξ.
441 3430 558 3480 168.
598 3428 683 3492 Cf.
723 3428 840 3491 Ulp.
873 3436 939 3486 11,
975 3438 1017 3481 6.
1049 3437 1089 3477 8.
1127 3437 1193 3481 17.
1240 3426 1425 3479 ΒοείΙι.
1462 3428 1533 3477 ad
1568 3428 1669 3478 Gie.
1713 3426 1843 3492 Top.
1881 3441 1944 3477 11.
1966 3446 2018 3493 p.
2046 3438 2121 3477 342
2146 3426 2297 3483 Bait.

359 3496 501 3556 infra
524 3493 577 3559 8.
605 3505 695 3546 196.
783 3492 872 3579 ἕξ.
898 3496 1011 3545 169.
1038 3497 1150 3546 170.
1191 3495 1272 3556 Cf.
1304 3497 1418 3559 [ΗΡ.
1447 3508 1512 3556 11,
1538 3504 1578 3544 7.
1665 3492 1716 3562 ξ.
1749 3498 1864 3549 171.
1906 3495 1983 3558 Cf.
2014 3496 2128 3559 Utp.
2157 3508 2226 3558 11,
2254 3506 2299 3546 8.

358 3579 519 3626 supra
538 3560 595 3626 3.
619 3573 710 3614 167.
772 3562 948 3630 §.172
982 3563 1057 3626 Cf.
1086 3558 1301 3630 33166.
1329 3572 1417 3613 175.
1447 3562 1543 3612 Tit.
1560 3563 1606 3616 1.
1629 3565 1693 3614 de
1712 3566 1849 3629 leqt't.
1865 3579 1986 3628 par.
2014 3569 2104 3612 tut.
2124 3564 2296 3629 (1,18).
