2546 3928
411 223 531 279 138
991 237 1109 271 Gau
1147 237 1343 275 insa-nu
1383 221 1481 274 ΙΙΙ.
1522 222 1755 273 50—56.

407 381 518 437 que
566 368 687 419 eius
728 356 1053 420 σοφισεεςεςίί.ι
1163 357 1260 416 50.
1327 361 1443 417 Sed
1480 367 1688 431 postea
1741 362 1844 414 lex
1883 359 2073 431 Papia
2129 359 2365 417 duobus·

276 449 605 506 139.liber2’s
635 449 926 503 honoratae
956 448 1225 520 ingenuae
1257 452 1541 518 patronae,
1591 437 1601 520 Ι
1641 441 1921 498 libertinae
1955 442 2127 498 tribus
2160 444 2362 500 eadem

411 532 520 589 sere
549 534 664 587 iura
696 532 862 601 dedit,
896 547 1032 603 quae
1064 547 1126 585 ex
1161 529 1339 586 edicto
1373 530 1637 601 praetoris
1669 529 1883 601 patroni
1916 526 2146 601 habent3
2187 529 2357 584 trium

408 634 540 673 uero
567 617 862 673 liberorum
890 616 1005 671 iure
1030 616 1326 669 honoratae
1351 615 1619 686 ingenuae
1646 620 1908 684 patronae
1939 628 2001 667 ea
2033 613 2150 666 iura
2174 611 2357 684 dedit,

410 718 547 775 quae
589 717 687 774 per
728 699 952 756 eandem
993 698 1167 772 legem
1211 706 1443 770 patrono
1485 697 1605 752 data
1638 705 1794 764 sunt3
1839 694 2121 752 libertinae
2164 703 2354 751 autem

410 794 668 859 patronae
700 801 809 840 non
841 784 981 839 idern
1012 784 1144 838 iuris
1177 782 1465 856 praestitit.
1554 777 1643 837 51.
1692 779 1846 848 Quod
1879 788 2056 836 autem
2089 780 2154 835 ad
2184 781 2357 836 liber·

409 872 644 925 tinarum
685 867 825 924 bona
868 869 1125 941 pertinet„
1173 869 1216 922 si
1251 865 1465 939 quidem
1501 865 1784 921 intestatae
1815 865 2171 936 decesserint,
2216 865 2357 920 nihil

409 956 538 1009 noui
583 962 844 1027 patronae
888 951 1067 1007 liberis
1109 953 1405 1007 honoratae
1443 949 1528 1005 lex
1561 950 1718 1023 Papia
1759 957 2033 1022 p‘raestat:
2076 952 2264 1023 itaque
2305 951 2355 1004 si

410 1054 586 1110 neque
627 1039 740 1110 ipsa
773 1044 998 1109 patrona
1030 1052 1205 1108 neque
1247 1033 1435 1090 liberta
1469 1038 1660 1105 capite
1703 1034 1960 1089 diminuta
1993 1036 2085 1106 sit,
2129 1050 2192 1089 ex
2225 1033 2355 1106 lege

408 1138 501 1177 111
534 1121 835 1176 tabularum
868 1120 932 1175 ad
966 1137 1080 1175 eam
1114 1118 1386 1175 hereditas
1418 1121 1676 1191 pertinet,
1707 1125 1761 1174 et
1793 1112 2157 1174 excluduntur
2185 1118 2353 1172 liber-

413 1213 495 1260 tae
526 1204 710 1273 liberi3
756 1206 902 1278 quod
933 1205 1066 1259 iuris
1097 1213 1180 1259 est
1216 1205 1374 1260 etiam
1416 1203 1459 1257 si
1502 1202 1684 1258 liberis
1718 1204 1981 1258 honorata
2014 1218 2124 1258 non
2153 1204 2228 1257 sit
2256 1218 2356 1274 pa-

411 1298 598 1345 trona:
651 1306 939 1362 numquam
993 1291 1154 1360 enim,
1207 1290 1350 1343 sicut
1400 1304 1561 1360 supra
1608 1287 1858 1356 diximuS‚
1910 1286 2140 1342 feminae
2187 1302 2353 1340 suum

413 1373 663 1429 heredem
710 1374 907 1429 habere
949 1380 1210 1448 possunt:
1255 1374 1301 1426 si
1346 1388 1476 1426 uero
1521 1370 1606 1426 uel
1650 1371 1810 1426 huius
1853 1370 1940 1425 uel
1982 1371 2127 1426 illius
2158 1372 2352 1443 capitis

412 1458 710 1514 deminutio
752 1460 1100 1528 interueniat‚
1142 1473 1332 1512 rursus
1376 1455 1527 1527 liberi
1569 1455 1794 1511 libertae
1835 1454 2132 1510 excludunt
2165 1463 2354 1528 patro-

414 1558 554 1612 nam,
597 1544 719 1614 quia
752 1542 997 1615 legitimo
1028 1544 1147 1597 iure
1189 1544 1399 1613 capitis
1430 1540 1783 1595 diminutione
1815 1547 2111 1613 perempto
2144 1540 2352 1606 euenit,

413 1636 473 1681 ut
526 1626 680 1682 liberi
733 1626 958 1683 libertae
1010 1627 1355 1700 cognationis
1398 1627 1514 1680 iure
1558 1626 1799 1697 potiores
1847 1622 2165 1679 habeantur.
2255 1619 2355 1681 52.

412 1710 541 1764 Cum
585 1719 763 1767 autem
807 1717 1133 1766 testamento
1175 1711 1319 1766 sacto
1363 1711 1593 1764 moritur
1634 1707 1843 1779 liberta,
1887 1724 1949 1763 ea
1994 1708 2212 1781 quidem
2261 1725 2353 1782 pa·

412 1804 604 1862 trona‚
648 1810 785 1866 quae
829 1794 1010 1849 liberis
1042 1796 1303 1850 honorata
1334 1809 1442 1847 non
1475 1802 1579 1863 est„
1625 1793 1754 1847 nihil
1796 1793 1929 1847 iuris
1968 1790 2126 1847 babet
2158 1801 2353 1849 contra

412 1877 636 1932 libertae
680 1886 1090 1946 testamentum3
1136 1882 1371 1945 einero,
1421 1893 1557 1949 quae
1590 1877 1770 1932 liberis
1814 1877 2077 1932 honorata
2109 1879 2198 1947 sit,
2246 1877 2356 1933 hoc

413 1963 496 2018 ius
530 1961 786 2018 tribuitur
817 1980 914 2036 per
944 1962 1122 2036 legem
1146 1961 1380 2035 Papiam,
1414 1960 1558 2035 quod
1591 1960 1752 2017 habet
1783 1978 1846 2017 ex
1876 1960 2055 2018 edicto
2085 1970 2356 2036 patronus

413 2056 598 2103 contra
633 2046 844 2104 tabulas
876 2047 1070 2103 liberti.
1952 2085 1957 2094 ·
2092 2115 2095 2118 Ἴ

539 2128 636 2187 53.
686 2132 878 2188 Eadem
912 2133 995 2188 lex
1028 2133 1306 2204 ’patronae
1339 2129 1450 2185 filio
1484 2129 1665 2185 liberis
1700 2123 2008 2186 honorato²
2048 2123 2218 2187 ***3
2260 2149 2355 2205 pa·
2377 2139 2482 2197 [221]

279 2228 394 2276 140.
414 2218 559 2270 troni
583 2218 697 2270 iura
722 2216 903 2283 dedit3
938 2216 1030 2270 sed
1065 2217 1117 2269 in
1152 2216 1311 2270 huius
1345 2231 1577 2287 persona
1603 2216 1760 2269 etiam
1786 2216 1947 2269 unius
1973 2207 1979 2290 Ι
2009 2212 2103 2269 filii
2137 2213 2358 2271 filiaeue

414 2301 496 2352 ius
530 2297 748 2354 suflicit.

540 2378 635 2438 54.
685 2382 954 2437 Hactenus
1000 2384 1174 2439 omnia
1218 2376 1420 2457 ’(ιἸΙα)4
1464 2384 1579 2436 iura
1626 2384 1775 2455 quasi
1818 2397 1914 2455 per
1954 2382 2181 2438 iudicem
2226 2386 2359 2440 teti-

414 2467 559 2540 gisse
591 2468 719 2523 satis
752 2475 854 2522 est.
911 2467 1149 2540 alioquin
1176 2467 1495 2540 diligentior
1525 2467 1899 2540 interpretatio
1931 2467 2171 2540 propriis
2199 2484 2355 2523 com-

413 2554 686 2607 mentariis
719 2554 962 2625 exposita
997 2547 1125 2608 est.⁵

537 2632 631 2690 55.
678 2636 960 2708 Sequitur,
1007 2646 1064 2691 ut
1106 2637 1171 2691 de
1216 2637 1372 2690 bouis
1404 2634 1713 2689 Latinorum
1758 2634 2133 2691 libertinorum
2182 2636 2354 2711 dispi-

411 2718 631 2773 ciamus,
722 2715 817 2775 56.
868 2719 1013 2787 Quae
1057 2737 1181 2792 pars
1212 2720 1345 2775 iuris
1388 2727 1447 2773 ut
1489 2718 1828 2775 manifestior
1871 2717 1980 2791 fiat,
2024 2720 2353 2778 admonendi

549 2899 590 2962 ¹)
631 2903 722 2951 Ad
741 2917 937 2952 sensum
962 2903 1182 2952 restitui.
1222 2902 1369 2949 Nune
1394 2915 1514 2949 vero
1538 2900 1610 2949 ad
1630 2898 1813 2950 Sched.
1835 2902 1987 2964 fidem
2004 2917 2108 2965 pro
2130 2907 2351 2953 ‘mascu-

410 2969 471 3016 lis
495 2972 753 3030 patronis’
782 2971 929 3019 dedi:
966 2974 1211 3032 ‘patrono
1237 2970 1457 3031 liberisq.
1486 2968 1582 3019 e”.
1675 2966 1715 3030 ²)
1754 2967 1841 3017 Sic
1871 2970 1922 3017 V
1930 2969 1970 3001 ‘¹‘
1998 2984 2070 3019 eoe
2093 2972 2353 3022 relatione

409 3034 645 3097 Kriiyeri
670 3037 810 3097 (lerit.
846 3037 897 3085 V
896 3037 1106 3086 ersuclze
1129 3052 1180 3099 p.
1210 3034 1325 3098 126),
1353 3043 1406 3084 ut
1430 3037 1525 3083 iam
1551 3036 1793 3085 lectiones
1809 3037 1955 3099 prius
1975 3043 2203 3088 tentatae
2228 3054 2354 3089 con·

333 3118 340 3121 ⁴
412 3102 601 3154 cidant.
707 3101 749 3166 ³)
788 3120 867 3152 cre
901 3103 956 3152 V
958 3104 997 3135 ’³‘
1031 3106 1131 3152 sere
1163 3104 1231 3166 ej.
1264 3103 1366 3153 Kr.
1408 3102 1586 3152 Malim
1605 3118 1711 3177 dape
1735 3101 1959 3166 (prope).
2064 3103 2109 3168 ⁴)
2148 3107 2355 3156 Addidi

413 3167 617 3217 ‘Gaius'
650 3186 705 3233 p.
742 3180 809 3220 58.
868 3172 1077 3219 ‘ciuium
1111 3171 1477 3221 Romanorum’
1516 3172 1598 3224 ed.
1634 3169 1736 3235 By.
1770 3181 1811 3222 5.
1861 3172 1999 3236 quod
2031 3188 2130 3223 non
2165 3174 2356 3225 addito

413 3235 749 3286 ‘libertorum’
771 3253 870 3300 per
894 3252 950 3286 se
975 3239 1226 3301 displicet.
1303 3237 1344 3302 ⁵)
1383 3238 1622 3303 Sequitur
1647 3240 1781 3288 linea
1804 3255 1977 3292 vacua.

545 3385 595 3455 ξ.
621 3392 704 3440 51.
743 3390 824 3453 Cf.
859 3389 974 3452 Utp.
997 3399 1064 3446 27,
1089 3400 1132 3441 5.
1163 3388 1217 3453 S.
1245 3400 1286 3444 2.
1313 3390 1362 3437 I.
1384 3391 1447 3440 de
1468 3389 1564 3439 SC.
1594 3389 1790 3454 Orphit.
1817 3387 1884 3452 (3,
1908 3391 1974 3453 4).
1998 3405 2158 3453 supra
2184 3403 2224 3451 1,
2255 3403 2354 3447 158,

410 3458 533 3504 sicut
559 3472 610 3505 su
649 3475 695 3507 ra
724 3453 848 3525 dix.]
890 3456 969 3520 Cf.
996 3467 1037 3520 3,
1063 3468 1130 3508 43.
1165 3468 1208 3522 2,
1238 3469 1327 3507 161.
1363 3470 1401 3517 1,
1429 3467 1520 3508 104.
1555 3459 1618 3507 L.
1649 3468 1711 3507 13.
1747 3458 1810 3507 D.
1837 3460 1899 3508 de
1922 3460 2028 3507 suis
2052 3466 2103 3508 et
2126 3461 2224 3524 leq.
2257 3459 2349 3523 (38,

411 3521 497 3585 16).
603 3572 615 3588 ,
640 3564 651 3576 .
681 3528 761 3575 52.
806 3526 884 3587 Cf.
920 3523 972 3588 S.
1000 3536 1064 3575 4⁷.
1108 3526 1226 3590 Ulp.
1252 3537 1318 3582 29,
1345 3536 1383 3577 7.
1488 3521 1541 3590 ξ.
1569 3527 1651 3578 53.
1691 3525 1774 3585 Cf.
1798 3525 1862 3575 L.
1893 3535 1955 3574 18.
1988 3536 2039 3575 42
2061 3542 2145 3589 pr.
2188 3528 2254 3576 D.
2286 3532 2357 3580 de

414 3587 528 3640 bon.
554 3591 635 3640 lib.
664 3591 752 3654 (38,
777 3591 840 3657 2).
911 3590 960 3659 ξ
989 3596 1071 3644 56.
1105 3595 1180 3657 Cf.
1207 3607 1244 3653 1,
1265 3604 1332 3643 22.
1359 3604 1449 3642 131.
1481 3592 1534 3655 S.
1555 3604 1596 3643 4.
1624 3594 1673 3646 I.
1701 3596 1765 3643 de
1790 3610 1924 3644 succ.
1952 3595 2035 3643 lib.
2064 3595 2126 3657 (3,
2155 3591 2218 3660 7).
2251 3597 2354 3646 Fr.
