2546 3928
843 204 956 240 (un
997 207 1198 241 tusrt'r.
1243 193 1309 241 11.
1356 194 1651 242 168—172.
2087 191 2205 249 103

110 339 246 395 [183]
273 332 398 386 iure
429 329 495 384 ad
527 330 877 386 hereditatem
914 340 1158 400 uocatur,
1199 340 1386 404 potest
1424 340 1517 386 aut
1548 332 1819 387 cernendo
1862 340 1953 387 aut
1983 350 2082 405 pro
2117 333 2210 389 hc·

267 415 404 470 rede
437 414 678 488 gerendo
713 414 798 470 uel
830 414 988 471 etiam
1015 414 1158 470 nuda
1183 415 1467 471 uoluntate
1491 415 1862 488 suscipiendae
1894 416 2207 473 hereditatis

269 499 433 555 heres
465 496 613 554 fieri:
658 501 816 572 vique
859 499 1087 556 liberum
1120 510 1227 570 est,
1275 516 1618 573 quocumque
1661 508 1906 574 tempore
1951 500 2206 571 uoluerit,

272 582 420 639 adire
452 582 833 645 hereditatem:
867 582 1008 657 (sed)
1031 583 1176 641 solet
1200 593 1419 658 praetor
1441 583 1841 658 postulantibus
1873 583 2208 640 hereditariis

269 667 631 724 creditoribus
675 676 886 743 tempus
929 671 1290 737 constituere,
1344 669 1480 723 intra
1533 668 1701 741 quod,
1754 670 1800 723 si
1846 668 1999 736 uelit,
2053 667 2205 724 adeat

275 751 652 823 hereditatem,
685 754 729 808 si
753 755 951 823 minuS,
987 764 1042 809 ut
1067 753 1222 809 liceat
1246 752 1607 808 creditoribus
1632 752 1771 809 bona
1804 752 2049 808 defuncti
2077 769 2205 808 uen-

269 835 421 891 dere.
509 832 644 892 168.
691 837 847 895 Sicut
887 846 1066 894 autem
1111 855 1231 894 cum
1272 839 1514 893 cretione
1554 835 1563 909 Ι
1603 838 1760 893 heres
1791 838 2074 893 institutus
2105 839 2204 893 nisi
2226 844 2310 891 97.

268 922 506 976 creuerit
548 922 921 995 hereditatem,
969 939 1076 979 non
1123 920 1185 979 fit
1230 923 1410 992 heres,
1455 923 1526 977 ita
1559 938 1666 978 non
1712 922 1869 977 aliter
1902 920 2208 977 excluditur

271 1020 432 1076 quam
473 1007 518 1060 si
563 1023 670 1061 non
712 1011 946 1065 creuerit
992 1009 1131 1064 intra
1174 1007 1226 1063 id
1271 1014 1508 1081 tempus,
1554 1024 1662 1080 quo
1706 1007 1878 1063 cretio
1922 1004 2071 1062 finita
2106 1008 2205 1067 sitz

269 1084 458 1163 itaqtie
498 1089 625 1146 licet
666 1099 791 1148 ante
836 1090 974 1148 diem
1018 1093 1276 1149 cretionis
1319 1092 1661 1148 constituerit
1703 1091 2056 1147 hereditatem
2097 1108 2202 1147 non

273 1173 443 1245 adire,
478 1183 654 1231 tamen
680 1179 1009 1250 paenitentia
1036 1186 1189 1235 actus
1215 1184 1502 1249 superante
1533 1176 1617 1231 die
1647 1177 1901 1232 cretionis
1933 1175 2203 1232 cernendo

272 1257 432 1314 heres
474 1275 595 1315 esse
637 1269 838 1332 potest.
931 1258 1062 1320 169.
1113 1263 1180 1318 At
1213 1262 1320 1330 hic,
1367 1263 1457 1334 qui
1490 1261 1606 1315 sine
1649 1262 1894 1334 cretione
1938 1260 2095 1315 heres
2126 1260 2205 1314 in·

270 1343 500 1398 stitutus
543 1351 648 1415 est,
704 1341 940 1421 quique¹
1000 1346 1065 1403 ab
1109 1347 1366 1404 intestato
1407 1360 1507 1418 per
1546 1343 1722 1417 legem
1765 1352 2014 1423 uocatur,
2068 1343 2206 1398 sicut

271 1427 558 1483 uoluntate
600 1429 740 1484 nuda
772 1431 928 1487 heres
973 1429 1055 1502 fit,
1097 1432 1171 1486 ita
1217 1437 1272 1486 et
1315 1429 1585 1484 contraria
1626 1427 1986 1483 destinatione
2027 1428 2203 1482 statim

269 1509 338 1567 ab
371 1510 673 1566 hereditate
694 1514 997 1587 repellitur.
1089 1508 1221 1571 170.
1270 1513 1453 1568 Omnis
1484 1519 1660 1566 autem
1692 1512 1861 1567 cretio
1892 1519 2042 1567 certo
2075 1519 2206 1566 tem-

270 1611 411 1669 pore
443 1595 858 1670 constringitur.
919 1599 974 1654 in
1007 1615 1165 1672 quam
1196 1613 1312 1653 rem
1355 1594 1635 1652 tolerabile
1670 1604 1880 1668 tempus
1921 1596 2094 1650 uisum
2125 1604 2208 1650 est

268 1688 492 1736 centum
526 1677 763 1736 dierum:
803 1693 986 1757 potest
1020 1694 1191 1740 tamen
1225 1680 1394 1738 nihilo
1427 1680 1603 1736 minus
1634 1681 1752 1736 iure
1782 1679 1925 1736 ciuili
1967 1687 2059 1735 aut
2089 1680 2207 1736 lon·

268 1765 395 1839 gius
427 1771 521 1819 aut
549 1762 770 1822 breuius
802 1776 1010 1841 tempus
1042 1768 1186 1837 dari3
1230 1766 1447 1839 longius
1481 1773 1654 1821 tamen
1688 1765 1957 1821 interdum
1989 1772 2208 1839 praetor

270 1856 495 1905 coartat.
584 1843 699 1908 171.
746 1849 810 1908 Et
841 1854 1085 1927 quamuis
1117 1853 1292 1910 omnis
1323 1852 1491 1907 cretio
1521 1852 1684 1906 certis
1715 1849 1905 1906 diebus
1938 1851 2206 1907 constrin-

270 1943 453 2009 gatur,
499 1942 677 1991 tamen
721 1936 821 1994 alia
862 1941 1030 1996 cretio
1075 1938 1317 2013 uulgaris
1364 1944 1610 2008 uocatur,
1653 1934 1755 1990 alia
1785 1944 2059 1992 certorum
2096 1935 2206 1990 die-

272 2036 423 2075 rum:
481 2018 725 2093 uulgaris
768 2023 876 2093 illa,
920 2040 1078 2096 quam
1125 2040 1291 2097 supra
1332 2021 1700 2100 exposuimus,
1753 2019 1803 2074 id
1850 2029 1956 2090 est,
1999 2021 2056 2074 in
2101 2034 2207 2092 qua

272 2103 586 2161 adiciuntur
616 2105 746 2162 haec
771 2107 962 2163 uerba:
998 2124 1221 2172 vavs
1255 2111 1431 2163 scm'r
1461 2118 1893 2167 Pomm'rQVE:
1931 2110 2203 2159 certorum

270 2188 502 2260 dierum,
546 2191 599 2245 in
643 2207 745 2262 qua
789 2191 1044 2248 detractis
1090 2193 1171 2248 his
1217 2188 1395 2248 uerbis
1435 2196 1617 2244 cetera
1659 2185 1989 2243 scribuntur.
2077 2181 2202 2244 172.

272 2272 505 2341 Quarum
537 2277 839 2332 cretionum
873 2294 1067 2352 magna
1098 2276 1394 2333 differentia
1426 2282 1538 2329 est:
1570 2289 1690 2328 nam
1726 2272 1935 2347 uulgari
1965 2274 2205 2329 cretione

270 2357 390 2412 data
435 2358 567 2414 nulli
621 2358 734 2415 dies
777 2370 1162 2436 conputantur,
1227 2360 1331 2416 nisi
1375 2356 1570 2432 quibus
1613 2358 1802 2413 scierit
1841 2358 2090 2431 quisque,
2146 2374 2204 2413 se

271 2442 526 2499 heredem
581 2459 700 2499 esse
754 2447 1081 2514 institutum,
1136 2454 1190 2501 et
1231 2444 1408 2519 possit
1448 2458 1703 2508 cernere3
1757 2448 2029 2495 certorum
2075 2456 2204 2495 uero

270 2528 477 2583 dierum
522 2529 767 2585 cretione
810 2529 931 2585 data
974 2531 1133 2585 etiam
1175 2529 1459 2595 nescienti,
1500 2542 1560 2580 se
1603 2522 1857 2579 heredem
1898 2524 2206 2578 institutum

270 2628 413 2683 esse,
458 2622 811 2669 numerantur
852 2613 965 2668 (lies
1008 2606 1305 2689 conitinui3
1350 2612 1478 2665 item
1522 2609 1571 2664 ei
1614 2623 1855 2681 quoque,
1896 2608 1985 2681 qui
2028 2607 2203 2682 aliqua
2226 2624 2307 2674 98,

271 2713 335 2753 ex
377 2713 535 2753 causa
578 2713 798 2753 cernere
841 2695 1183 2771 prohibetur,
1226 2705 1282 2752 et
1322 2710 1388 2751 eo
1431 2692 1656 2767 amplius
1689 2694 1756 2762 ei,
1805 2694 1897 2767 qui
1935 2691 2035 2749 sub
2077 2711 2204 2750 con·

270 2782 481 2837 dicione
525 2781 681 2836 heres
723 2783 1006 2838 institutus
1049 2791 1154 2855 est,
1201 2790 1413 2855 tempus
1453 2785 1797 2852 numeratur3
1842 2776 1981 2834 unde
2013 2780 2203 2835 melius

410 3028 450 3095 ¹)
490 3032 542 3080 C.
570 3033 710 3095 quiue
736 3048 806 3083 ex
833 3033 1034 3082 Laelim.
1064 3034 1134 3095 ej.
1161 3034 1240 3082 ed.
1269 3031 1365 3096 139.
1392 3040 1433 3082 5.

407 3231 458 3301 §-
489 3236 601 3293 168.
641 3235 720 3297 Cf.
748 3231 840 3303 gg.
874 3246 957 3285 144.
987 3246 1076 3287 166.
1119 3236 1234 3299 [ltp.
1259 3246 1326 3294 22,
1355 3245 1420 3284 ao.
1525 3229 1574 3299 ξ.
1606 3235 1717 3283 169.
1762 3233 1840 3296 Cf.
1879 3234 1996 3299 Ulp.
2032 3245 2100 3295 22,
2136 3245 2201 3283 29.

273 3299 326 3370 g.
364 3314 405 3353 7.
445 3305 495 3353 Ι.
532 3304 616 3358 cit,
689 3300 739 3371 ξ.
782 3306 895 3353 170.
942 3303 1023 3366 Cf.
1050 3303 1154 3353 Cic.
1184 3304 1255 3351 od
1281 3304 1389 3351 Aet.
1418 3311 1479 3357 13,
1504 3310 1572 3349 46.
1614 3299 1667 3363 S.
1692 3310 1731 3349 2.
1761 3310 1826 3361 15,
1858 3312 1882 3349 2
1901 3304 1992 3363 fin.
2029 3301 2203 3362 (wem

274 3373 582 3421 testameutt’
610 3372 641 3419 i.
671 3388 713 3421 e.
743 3373 984 3421 cretionis
1008 3371 1267 3434 spatium).
1311 3370 1373 3419 L.
1402 3385 1483 3418 un.
1518 3367 1605 3420 Th.
1631 3368 1688 3416 C.
1710 3369 1773 3417 de
1797 3369 2024 3416 cretione
2049 3362 2111 3427 (4,
2139 3376 2160 3412 1
2191 3400 2200 3411 .

272 3434 324 3505 ξ.
356 3441 470 3488 171.
509 3439 592 3499 Cf.
622 3439 735 3502 Ulp.
762 3449 830 3496 22,
856 3450 924 3490 31.
964 3439 1065 3487 Cio.
1092 3438 1165 3487 od
1188 3438 1347 3489 Attio.
1373 3448 1439 3498 11,
1468 3446 1532 3483 12.
1566 3433 1622 3497 S.
1650 3442 1691 3481 4.
1731 3435 1796 3482 de
1831 3437 1965 3481 orat.
1993 3443 2033 3489 1,
2060 3439 2126 3478 22.
2175 3427 2207 3481 '.

279 3517 364 3557 101.
398 3522 562 3571 supra
607 3505 699 3570 SS.
738 3517 828 3557 164.
864 3515 954 3556 165.
1000 3505 1220 3555 Testem.
1261 3505 1462 3554 Dasum.
1501 3499 1748 3549 Zeitseltr.
1783 3498 1826 3559 f.
1860 3497 2028 3560 qesdt.
2062 3496 2202 3547 RW.

279 3574 413 3624 ΧΙΙ.
438 3592 492 3638 p.
519 3584 612 3624 314.
681 3570 732 3640 ἓ.
761 3574 873 3622 172.
915 3571 993 3632 Cf.
1024 3572 1139 3634 Ulp.
1166 3580 1233 3626 22,
1257 3581 1324 3619 32.
