<?xml version="1.0" encoding="UTF-8"?>
<!DOCTYPE html PUBLIC "-//W3C//DTD XHTML 1.0 Transitional//EN"
    "http://www.w3.org/TR/xhtml1/DTD/xhtml1-transitional.dtd">
<html xmlns="http://www.w3.org/1999/xhtml" xml:lang="en" lang="en">
 <head>
  <title>
</title>
<meta http-equiv="Content-Type" content="text/html;charset=utf-8" />
  <meta name='ocr-system' content='tesseract 3.04.00' />
  <meta name='ocr-capabilities' content='ocr_page ocr_carea ocr_par ocr_line ocrx_word'/>
</head>
<body>
  <div class='ocr_page' id='page_1' title='image "./institutionumiu00gaiugoog_0033.png"; bbox 0 0 2546 3928; ppageno 0'>
   <div class='ocr_carea' id='block_1_1' title="bbox 869 232 2197 309">
    <p class='ocr_par' dir='ltr' id='par_1_1' title="bbox 869 232 2197 309">
     <span class='ocr_line' id='line_1_1' title="bbox 869 232 2197 309; baseline 0.005 -6"><span class='ocrx_word' id='word_1_1' title='bbox 869 270 985 303; x_wconf 49' lang='lat' dir='ltr'>aaut</span> <span class='ocrx_word' id='word_1_2' title='bbox 1022 232 1224 308; x_wconf 60' lang='lat' dir='ltr'>mehr.</span> <span class='ocrx_word' id='word_1_3' title='bbox 1260 255 1305 306; x_wconf 90' lang='lat'><strong>1.</strong></span> <span class='ocrx_word' id='word_1_4' title='bbox 1343 257 1601 307; x_wconf 67' lang='lat'><strong>20—212.</strong></span> <span class='ocrx_word' id='word_1_5' title='bbox 2118 253 2197 309; x_wconf 80' lang='grc'>27</span> 
     </span>
    </p>
   </div>
   <div class='ocr_carea' id='block_1_2' title="bbox 93 393 2317 2072">
    <p class='ocr_par' dir='ltr' id='par_1_2' title="bbox 93 393 2317 2072">
     <span class='ocr_line' id='line_1_2' title="bbox 260 393 2200 468; baseline 0 -18"><span class='ocrx_word' id='word_1_6' title='bbox 260 396 460 468; x_wconf 85' lang='lat' dir='ltr'>gratia,</span> <span class='ocrx_word' id='word_1_7' title='bbox 502 402 593 449; x_wconf 86' lang='lat' dir='ltr'>aut</span> <span class='ocrx_word' id='word_1_8' title='bbox 635 393 876 451; x_wconf 82' lang='lat' dir='ltr'>ancillam</span> <span class='ocrx_word' id='word_1_9' title='bbox 917 395 1240 450; x_wconf 75' lang='lat' dir='ltr'>matrimonii</span> <span class='ocrx_word' id='word_1_10' title='bbox 1283 410 1462 466; x_wconf 87' lang='lat' dir='ltr'>causa,</span> <span class='ocrx_word' id='word_1_11' title='bbox 1505 395 1653 468; x_wconf 84' lang='lat' dir='ltr'>apud</span> <span class='ocrx_word' id='word_1_12' title='bbox 1696 395 1981 451; x_wconf 88' lang='lat' dir='ltr'>consilium</span> <span class='ocrx_word' id='word_1_13' title='bbox 2014 411 2200 450; x_wconf 87' lang='lat' dir='ltr'>manu·</span> 
     </span>
     <span class='ocr_line' id='line_1_3' title="bbox 260 474 1838 535; baseline -0.001 -1"><span class='ocrx_word' id='word_1_14' title='bbox 260 480 463 535; x_wconf 87' lang='lat' dir='ltr'>mittat.</span> <span class='ocrx_word' id='word_1_15' title='bbox 1787 474 1838 512; x_wconf 47' lang='grc' dir='ltr'><strong>β</strong></span> 
     </span>
     <span class='ocr_line' id='line_1_4' title="bbox 393 559 2200 623; baseline -0.001 -5"><span class='ocrx_word' id='word_1_16' title='bbox 393 563 498 618; x_wconf 88' lang='lat' dir='ltr'>Vll.</span> <span class='ocrx_word' id='word_1_17' title='bbox 557 581 640 620; x_wconf 78' lang='lat' dir='ltr'>m:</span> <span class='ocrx_word' id='word_1_18' title='bbox 685 579 1303 623; x_wconf 74' lang='lat' dir='ltr'>RECVPERATORIBVS.</span> <span class='ocrx_word' id='word_1_19' title='bbox 1391 559 1493 623; x_wconf 80' lang='lat'><strong>20.</strong></span> <span class='ocrx_word' id='word_1_20' title='bbox 1541 562 1836 620; x_wconf 82' lang='lat' dir='ltr'>Consilium</span> <span class='ocrx_word' id='word_1_21' title='bbox 1884 571 2063 619; x_wconf 89' lang='lat' dir='ltr'>autem</span> <span class='ocrx_word' id='word_1_22' title='bbox 2109 563 2200 617; x_wconf 89' lang='lat' dir='ltr'>ad-</span> 
     </span>
     <span class='ocr_line' id='line_1_5' title="bbox 262 647 2200 722; baseline 0 -20"><span class='ocrx_word' id='word_1_23' title='bbox 262 647 483 704; x_wconf 81' lang='lat' dir='ltr'>hibetur</span> <span class='ocrx_word' id='word_1_24' title='bbox 525 649 579 703; x_wconf 91' lang='lat' dir='ltr'>in</span> <span class='ocrx_word' id='word_1_25' title='bbox 623 648 754 703; x_wconf 88' lang='lat' dir='ltr'>urbe</span> <span class='ocrx_word' id='word_1_26' title='bbox 781 649 947 704; x_wconf 90' lang='lat' dir='ltr'>Roma</span> <span class='ocrx_word' id='word_1_27' title='bbox 989 648 1203 721; x_wconf 85' lang='lat' dir='ltr'>quidem</span> <span class='ocrx_word' id='word_1_28' title='bbox 1247 649 1489 722; x_wconf 89' lang='lat' dir='ltr'>quinque</span> <span class='ocrx_word' id='word_1_29' title='bbox 1531 656 1842 704; x_wconf 87' lang='lat' dir='ltr'>senatorum</span> <span class='ocrx_word' id='word_1_30' title='bbox 1875 656 1931 704; x_wconf 86' lang='lat' dir='ltr'>et</span> <span class='ocrx_word' id='word_1_31' title='bbox 1960 649 2200 720; x_wconf 88' lang='lat' dir='ltr'>quinque</span> 
     </span>
     <span class='ocr_line' id='line_1_6' title="bbox 261 731 2199 806; baseline -0.001 -18"><span class='ocrx_word' id='word_1_32' title='bbox 261 734 507 806; x_wconf 80' lang='lat' dir='ltr'>equitum</span> <span class='ocrx_word' id='word_1_33' title='bbox 550 731 912 788; x_wconf 89' lang='lat' dir='ltr'>Romanorum</span> <span class='ocrx_word' id='word_1_34' title='bbox 966 733 1260 806; x_wconf 84' lang='lat' dir='ltr'>puberum3</span> <span class='ocrx_word' id='word_1_35' title='bbox 1323 733 1376 787; x_wconf 85' lang='lat' dir='ltr'>in</span> <span class='ocrx_word' id='word_1_36' title='bbox 1419 733 1717 806; x_wconf 85' lang='lat' dir='ltr'>prouinciis</span> <span class='ocrx_word' id='word_1_37' title='bbox 1775 741 1955 788; x_wconf 88' lang='lat' dir='ltr'>autem</span> <span class='ocrx_word' id='word_1_38' title='bbox 2007 733 2199 805; x_wconf 81' lang='lat' dir='ltr'>uiginti</span> 
     </span>
     <span class='ocr_line' id='line_1_7' title="bbox 260 815 2200 890; baseline -0.001 -19"><span class='ocrx_word' id='word_1_39' title='bbox 260 825 707 890; x_wconf 87' lang='lat' dir='ltr'>recuperatorum</span> <span class='ocrx_word' id='word_1_40' title='bbox 750 818 949 874; x_wconf 85' lang='lat' dir='ltr'>ciuium</span> <span class='ocrx_word' id='word_1_41' title='bbox 981 817 1366 874; x_wconf 78' lang='lat' dir='ltr'>Romanorum.</span> <span class='ocrx_word' id='word_1_42' title='bbox 1428 816 1591 890; x_wconf 90' lang='lat' dir='ltr'>idque</span> <span class='ocrx_word' id='word_1_43' title='bbox 1634 815 1694 872; x_wconf 81' lang='lat' dir='ltr'>iit</span> <span class='ocrx_word' id='word_1_44' title='bbox 1738 817 1926 873; x_wconf 90' lang='lat' dir='ltr'>ultimo</span> <span class='ocrx_word' id='word_1_45' title='bbox 1958 815 2043 871; x_wconf 88' lang='lat' dir='ltr'>die</span> <span class='ocrx_word' id='word_1_46' title='bbox 2072 832 2200 871; x_wconf 83' lang='lat' dir='ltr'>con·</span> 
     </span>
     <span class='ocr_line' id='line_1_8' title="bbox 261 899 2200 975; baseline -0.001 -19"><span class='ocrx_word' id='word_1_47' title='bbox 261 909 495 968; x_wconf 88' lang='lat' dir='ltr'>uentus;</span> <span class='ocrx_word' id='word_1_48' title='bbox 538 900 635 957; x_wconf 86' lang='lat' dir='ltr'>sed</span> <span class='ocrx_word' id='word_1_49' title='bbox 666 899 863 957; x_wconf 89' lang='lat' dir='ltr'>Romae</span> <span class='ocrx_word' id='word_1_50' title='bbox 895 903 1058 958; x_wconf 86' lang='lat' dir='ltr'>certis</span> <span class='ocrx_word' id='word_1_51' title='bbox 1090 900 1279 957; x_wconf 85' lang='lat' dir='ltr'>diebus</span> <span class='ocrx_word' id='word_1_52' title='bbox 1309 904 1458 975; x_wconf 81' lang='lat' dir='ltr'>apud</span> <span class='ocrx_word' id='word_1_53' title='bbox 1496 901 1779 957; x_wconf 87' lang='lat' dir='ltr'>consilium</span> <span class='ocrx_word' id='word_1_54' title='bbox 1812 900 2200 956; x_wconf 87' lang='lat' dir='ltr'>manumittun-</span> 
     </span>
     <span class='ocr_line' id='line_1_9' title="bbox 263 985 2199 1060; baseline -0.001 -20"><span class='ocrx_word' id='word_1_55' title='bbox 263 995 374 1041; x_wconf 87' lang='lat' dir='ltr'>tur.</span> <span class='ocrx_word' id='word_1_56' title='bbox 435 985 662 1042; x_wconf 81' lang='lat' dir='ltr'>Maiores</span> <span class='ocrx_word' id='word_1_57' title='bbox 704 1002 836 1042; x_wconf 86' lang='lat' dir='ltr'>uero</span> <span class='ocrx_word' id='word_1_58' title='bbox 883 987 1107 1060; x_wconf 80' lang='lat' dir='ltr'>triginta</span> <span class='ocrx_word' id='word_1_59' title='bbox 1149 1003 1414 1042; x_wconf 85' lang='lat' dir='ltr'>annorum</span> <span class='ocrx_word' id='word_1_60' title='bbox 1457 987 1604 1042; x_wconf 88' lang='lat' dir='ltr'>serui</span> <span class='ocrx_word' id='word_1_61' title='bbox 1645 1001 1859 1058; x_wconf 87' lang='lat' dir='ltr'>semper</span> <span class='ocrx_word' id='word_1_62' title='bbox 1894 985 2199 1040; x_wconf 77' lang='lat' dir='ltr'>manumitti</span> 
     </span>
     <span class='ocr_line' id='line_1_10' title="bbox 256 1069 2198 1141; baseline -0.001 -17"><span class='ocrx_word' id='word_1_63' title='bbox 256 1070 462 1141; x_wconf 80' lang='lat' dir='ltr'>solent,</span> <span class='ocrx_word' id='word_1_64' title='bbox 513 1070 645 1126; x_wconf 84' lang='lat' dir='ltr'>adeo</span> <span class='ocrx_word' id='word_1_65' title='bbox 697 1079 757 1126; x_wconf 92' lang='lat' dir='ltr'>ut</span> <span class='ocrx_word' id='word_1_66' title='bbox 812 1069 898 1125; x_wconf 88' lang='lat' dir='ltr'>uel</span> <span class='ocrx_word' id='word_1_67' title='bbox 948 1072 1000 1126; x_wconf 91' lang='lat' dir='ltr'>in</span> <span class='ocrx_word' id='word_1_68' title='bbox 1056 1073 1288 1126; x_wconf 85' lang='lat' dir='ltr'>transitu</span> <span class='ocrx_word' id='word_1_69' title='bbox 1344 1071 1806 1139; x_wconf 74' lang='lat' dir='ltr'>manumittantur,</span> <span class='ocrx_word' id='word_1_70' title='bbox 1859 1070 2033 1124; x_wconf 88' lang='lat' dir='ltr'>ueluti</span> <span class='ocrx_word' id='word_1_71' title='bbox 2076 1085 2198 1125; x_wconf 83' lang='lat' dir='ltr'>oum</span> 
     </span>
     <span class='ocr_line' id='line_1_11' title="bbox 259 1153 2195 1229; baseline -0.001 -20"><span class='ocrx_word' id='word_1_72' title='bbox 259 1163 482 1228; x_wconf 86' lang='lat' dir='ltr'>praetor</span> <span class='ocrx_word' id='word_1_73' title='bbox 529 1163 624 1210; x_wconf 86' lang='lat' dir='ltr'>aut</span> <span class='ocrx_word' id='word_1_74' title='bbox 674 1171 774 1229; x_wconf 88' lang='lat' dir='ltr'>pro</span> <span class='ocrx_word' id='word_1_75' title='bbox 826 1156 1049 1212; x_wconf 83' lang='lat' dir='ltr'>consule</span> <span class='ocrx_word' id='word_1_76' title='bbox 1104 1155 1158 1211; x_wconf 91' lang='lat' dir='ltr'>in</span> <span class='ocrx_word' id='word_1_77' title='bbox 1211 1153 1462 1211; x_wconf 87' lang='lat' dir='ltr'>balneum</span> <span class='ocrx_word' id='word_1_78' title='bbox 1516 1154 1606 1210; x_wconf 84' lang='lat' dir='ltr'>uel</span> <span class='ocrx_word' id='word_1_79' title='bbox 1657 1156 1709 1210; x_wconf 88' lang='lat' dir='ltr'>in</span> <span class='ocrx_word' id='word_1_80' title='bbox 1764 1155 2037 1210; x_wconf 77' lang='lat' dir='ltr'>theatrum</span> <span class='ocrx_word' id='word_1_81' title='bbox 2091 1161 2195 1208; x_wconf 87' lang='lat' dir='ltr'>eat.</span> 
     </span>
     <span class='ocr_line' id='line_1_12' title="bbox 93 1231 2191 1313; baseline 0 -22"><span class='ocrx_word' id='word_1_82' title='bbox 93 1234 352 1307; x_wconf 80' lang='grc'><strong>[105121.</strong></span> <span class='ocrx_word' id='word_1_83' title='bbox 409 1239 693 1295; x_wconf 85' lang='lat' dir='ltr'>Praeterea</span> <span class='ocrx_word' id='word_1_84' title='bbox 747 1241 931 1295; x_wconf 77' lang='lat' dir='ltr'>minor</span> <span class='ocrx_word' id='word_1_85' title='bbox 965 1240 1183 1313; x_wconf 83' lang='lat' dir='ltr'>triginta</span> <span class='ocrx_word' id='word_1_86' title='bbox 1227 1243 1493 1296; x_wconf 83' lang='lat' dir='ltr'>annorum</span> <span class='ocrx_word' id='word_1_87' title='bbox 1534 1255 1730 1294; x_wconf 89' lang='lat' dir='ltr'>seruus</span> <span class='ocrx_word' id='word_1_88' title='bbox 1784 1231 2191 1293; x_wconf 82' lang='lat' dir='ltr'>’manumissus¹</span> 
     </span>
     <span class='ocr_line' id='line_1_13' title="bbox 257 1321 2196 1398; baseline -0.002 -20"><span class='ocrx_word' id='word_1_89' title='bbox 257 1332 449 1398; x_wconf 88' lang='lat' dir='ltr'>potest</span> <span class='ocrx_word' id='word_1_90' title='bbox 476 1325 612 1380; x_wconf 88' lang='lat' dir='ltr'>ciuis</span> <span class='ocrx_word' id='word_1_91' title='bbox 641 1322 912 1380; x_wconf 83' lang='lat' dir='ltr'>Romanus</span> <span class='ocrx_word' id='word_1_92' title='bbox 943 1322 1080 1394; x_wconf 79' lang='lat' dir='ltr'>fieri,</span> <span class='ocrx_word' id='word_1_93' title='bbox 1111 1325 1156 1380; x_wconf 91' lang='lat' dir='ltr'>si</span> <span class='ocrx_word' id='word_1_94' title='bbox 1189 1324 1254 1380; x_wconf 89' lang='lat' dir='ltr'>ab</span> <span class='ocrx_word' id='word_1_95' title='bbox 1286 1341 1350 1380; x_wconf 88' lang='lat' dir='ltr'>eo</span> <span class='ocrx_word' id='word_1_96' title='bbox 1383 1324 1624 1394; x_wconf 88' lang='lat' dir='ltr'>domino,</span> <span class='ocrx_word' id='word_1_97' title='bbox 1662 1325 1755 1397; x_wconf 90' lang='lat' dir='ltr'>qui</span> <span class='ocrx_word' id='word_1_98' title='bbox 1786 1321 2053 1378; x_wconf 87' lang='lat' dir='ltr'>soluendo</span> <span class='ocrx_word' id='word_1_99' title='bbox 2086 1338 2196 1377; x_wconf 91' lang='lat' dir='ltr'>non</span> 
     </span>
     <span class='ocr_line' id='line_1_14' title="bbox 257 1399 2200 1482; baseline -0.002 -18"><span class='ocrx_word' id='word_1_100' title='bbox 257 1416 400 1477; x_wconf 86' lang='lat' dir='ltr'>erat,</span> <span class='ocrx_word' id='word_1_101' title='bbox 432 1416 757 1464; x_wconf 84' lang='lat' dir='ltr'>testamento</span> <span class='ocrx_word' id='word_1_102' title='bbox 790 1425 915 1464; x_wconf 88' lang='lat' dir='ltr'>eum</span> <span class='ocrx_word' id='word_1_103' title='bbox 943 1406 1173 1464; x_wconf 87' lang='lat' dir='ltr'>liberum</span> <span class='ocrx_word' id='word_1_104' title='bbox 1205 1417 1261 1463; x_wconf 89' lang='lat' dir='ltr'>et</span> <span class='ocrx_word' id='word_1_105' title='bbox 1292 1409 1546 1464; x_wconf 87' lang='lat' dir='ltr'>heredem</span> <span class='ocrx_word' id='word_1_106' title='bbox 1580 1406 1830 1464; x_wconf 87' lang='lat' dir='ltr'>relictum</span> <span class='ocrx_word' id='word_1_107' title='bbox 1862 1407 2081 1463; x_wconf 82' lang='lat' dir='ltr'>’seruus</span> <span class='ocrx_word' id='word_1_108' title='bbox 2111 1399 2200 1482; x_wconf 59' lang='lat' dir='ltr'>si}-</span> 
     </span>
     <span class='ocr_line' id='line_1_15' title="bbox 252 1491 2264 1564; baseline -0.001 -16"><span class='ocrx_word' id='word_1_109' title='bbox 252 1496 473 1548; x_wconf 83' lang='lat' dir='ltr'>militer</span> <span class='ocrx_word' id='word_1_110' title='bbox 504 1509 633 1547; x_wconf 88' lang='lat' dir='ltr'>cum</span> <span class='ocrx_word' id='word_1_111' title='bbox 661 1493 929 1548; x_wconf 82' lang='lat' dir='ltr'>libertate</span> <span class='ocrx_word' id='word_1_112' title='bbox 958 1495 1130 1548; x_wconf 73' lang='lat' dir='ltr'>heres</span> <span class='ocrx_word' id='word_1_113' title='bbox 1160 1496 1413 1562; x_wconf 79' lang='lat' dir='ltr'>scriptus</span> <span class='ocrx_word' id='word_1_114' title='bbox 1456 1500 1781 1547; x_wconf 78' lang='lat' dir='ltr'>testamento</span> <span class='ocrx_word' id='word_1_115' title='bbox 1812 1508 1926 1546; x_wconf 86' lang='lat' dir='ltr'>non</span> <span class='ocrx_word' id='word_1_116' title='bbox 1957 1506 2197 1564; x_wconf 84' lang='lat' dir='ltr'>praece·</span> <span class='ocrx_word' id='word_1_117' title='bbox 2218 1491 2264 1541; x_wconf 89' lang='lat'>5.</span> 
     </span>
     <span class='ocr_line' id='line_1_16' title="bbox 252 1566 2317 1647; baseline -0.001 -15"><span class='ocrx_word' id='word_1_118' title='bbox 252 1579 390 1646; x_wconf 76' lang='lat' dir='ltr'>clai,</span> <span class='ocrx_word' id='word_1_119' title='bbox 431 1582 485 1630; x_wconf 82' lang='lat' dir='ltr'>et</span> <span class='ocrx_word' id='word_1_120' title='bbox 526 1591 689 1631; x_wconf 81' lang='lat' dir='ltr'>nemo</span> <span class='ocrx_word' id='word_1_121' title='bbox 733 1579 884 1631; x_wconf 87' lang='lat' dir='ltr'>alius</span> <span class='ocrx_word' id='word_1_122' title='bbox 916 1579 924 1640; x_wconf 86' lang='grc' dir='ltr'>Ι</span> <span class='ocrx_word' id='word_1_123' title='bbox 959 1591 1039 1632; x_wconf 79' lang='lat' dir='ltr'>ea:</span> <span class='ocrx_word' id='word_1_124' title='bbox 1079 1590 1144 1630; x_wconf 83' lang='lat' dir='ltr'>eo</span> <span class='ocrx_word' id='word_1_125' title='bbox 1180 1581 1517 1630; x_wconf 77' lang='lat' dir='ltr'>testamento</span> <span class='ocrx_word' id='word_1_126' title='bbox 1547 1576 1719 1630; x_wconf 77' lang='lat' dir='ltr'>heres</span> <span class='ocrx_word' id='word_1_127' title='bbox 1747 1578 1838 1630; x_wconf 79' lang='lat' dir='ltr'>sit.</span> <span class='ocrx_word' id='word_1_128' title='bbox 1900 1577 2069 1647; x_wconf 80' lang='lat' dir='ltr'>idque</span> <span class='ocrx_word' id='word_1_129' title='bbox 2100 1590 2196 1629; x_wconf 85' lang='lat' dir='ltr'>ea·</span> <span class='ocrx_word' id='word_1_130' title='bbox 2225 1566 2256 1605; x_wconf 77' lang='lat'>¹·</span> <span class='ocrx_word' id='word_1_131' title='bbox 2277 1572 2317 1609; x_wconf 61' lang='lat'>⁸·</span> 
     </span>
     <span class='ocr_line' id='line_1_17' title="bbox 248 1651 2202 1733; baseline -0.002 -16"><span class='ocrx_word' id='word_1_132' title='bbox 248 1662 392 1717; x_wconf 79' lang='lat' dir='ltr'>dem</span> <span class='ocrx_word' id='word_1_133' title='bbox 421 1661 548 1733; x_wconf 64' lang='lat' dir='ltr'>lege</span> <span class='ocrx_word' id='word_1_134' title='bbox 568 1660 734 1715; x_wconf 83' lang='lat' dir='ltr'>Aelia</span> <span class='ocrx_word' id='word_1_135' title='bbox 766 1659 966 1715; x_wconf 82' lang='lat' dir='ltr'>Sentia</span> <span class='ocrx_word' id='word_1_136' title='bbox 1004 1664 1236 1715; x_wconf 85' lang='lat' dir='ltr'>cautum</span> <span class='ocrx_word' id='word_1_137' title='bbox 1268 1651 1402 1715; x_wconf 81' lang='lat' dir='ltr'>est.²</span> <span class='ocrx_word' id='word_1_138' title='bbox 1435 1662 1443 1724; x_wconf 83' lang='grc' dir='ltr'>Ι</span> <span class='ocrx_word' id='word_1_139' title='bbox 1476 1657 1640 1715; x_wconf 83' lang='lat' dir='ltr'>’idem</span> <span class='ocrx_word' id='word_1_140' title='bbox 1664 1659 1885 1731; x_wconf 81' lang='lat' dir='ltr'>fauore</span> <span class='ocrx_word' id='word_1_141' title='bbox 1913 1660 2202 1714; x_wconf 81' lang='lat' dir='ltr'>libertatis</span> 
     </span>
     <span class='ocr_line' id='line_1_18' title="bbox 250 1742 2201 1816; baseline -0.002 -15"><span class='ocrx_word' id='word_1_142' title='bbox 250 1746 334 1801; x_wconf 74' lang='lat' dir='ltr'>de</span> <span class='ocrx_word' id='word_1_143' title='bbox 376 1760 442 1801; x_wconf 86' lang='lat' dir='ltr'>eo</span> <span class='ocrx_word' id='word_1_144' title='bbox 491 1758 664 1800; x_wconf 79' lang='lat' dir='ltr'>seruo</span> <span class='ocrx_word' id='word_1_145' title='bbox 710 1742 988 1799; x_wconf 86' lang='lat' dir='ltr'>Proculus</span> <span class='ocrx_word' id='word_1_146' title='bbox 1034 1746 1342 1813; x_wconf 77' lang='lat' dir='ltr'>existimat,</span> <span class='ocrx_word' id='word_1_147' title='bbox 1382 1747 1526 1816; x_wconf 68' lang='lat' dir='ltr'>iqui</span> <span class='ocrx_word' id='word_1_148' title='bbox 1562 1748 1687 1800; x_wconf 81' lang='lat' dir='ltr'>sine</span> <span class='ocrx_word' id='word_1_149' title='bbox 1726 1745 1993 1799; x_wconf 82' lang='lat' dir='ltr'>libertate</span> <span class='ocrx_word' id='word_1_150' title='bbox 2027 1743 2201 1799; x_wconf 77' lang='lat' dir='ltr'>heres</span> 
     </span>
     <span class='ocr_line' id='line_1_19' title="bbox 250 1821 2196 1902; baseline 0.001 -16"><span class='ocrx_word' id='word_1_151' title='bbox 250 1832 514 1901; x_wconf 74' lang='lat' dir='ltr'>scriptus</span> <span class='ocrx_word' id='word_1_152' title='bbox 543 1821 670 1884; x_wconf 81' lang='lat' dir='ltr'>sit.3</span> <span class='ocrx_word' id='word_1_153' title='bbox 755 1823 874 1884; x_wconf 69' lang='lat'><strong>21⁸.</strong></span> <span class='ocrx_word' id='word_1_154' title='bbox 920 1829 1058 1885; x_wconf 51' lang='lat' dir='ltr'>¹Cum</span> <span class='ocrx_word' id='word_1_155' title='bbox 1090 1843 1232 1885; x_wconf 85' lang='lat' dir='ltr'>uero</span> <span class='ocrx_word' id='word_1_156' title='bbox 1271 1831 1397 1902; x_wconf 70' lang='lat' dir='ltr'>leqe</span> <span class='ocrx_word' id='word_1_157' title='bbox 1427 1831 1585 1885; x_wconf 82' lang='lat' dir='ltr'>Aelia</span> <span class='ocrx_word' id='word_1_158' title='bbox 1617 1828 1812 1885; x_wconf 86' lang='lat' dir='ltr'>Sentia</span> <span class='ocrx_word' id='word_1_159' title='bbox 1842 1835 2196 1888; x_wconf 79' lang='lat' dir='ltr'>testamento!</span> 
     </span>
     <span class='ocr_line' id='line_1_20' title="bbox 246 1913 2199 1988; baseline -0.001 -19"><span class='ocrx_word' id='word_1_160' title='bbox 246 1917 482 1988; x_wconf 73' lang='lat' dir='ltr'>primus</span> <span class='ocrx_word' id='word_1_161' title='bbox 524 1915 783 1985; x_wconf 81' lang='lat' dir='ltr'>scriptus</span> <span class='ocrx_word' id='word_1_162' title='bbox 817 1916 972 1971; x_wconf 81' lang='lat' dir='ltr'>solus</span> <span class='ocrx_word' id='word_1_163' title='bbox 1012 1916 1159 1970; x_wconf 81' lang='lat' dir='ltr'>ciuis</span> <span class='ocrx_word' id='word_1_164' title='bbox 1197 1913 1499 1970; x_wconf 81' lang='lat' dir='ltr'>Romanus</span> <span class='ocrx_word' id='word_1_165' title='bbox 1535 1916 1659 1986; x_wconf 82' lang='lat' dir='ltr'>fiat,</span> <span class='ocrx_word' id='word_1_166' title='bbox 1699 1916 1950 1986; x_wconf 83' lang='lat' dir='ltr'>placuit,</span> <span class='ocrx_word' id='word_1_167' title='bbox 1993 1916 2044 1969; x_wconf 90' lang='lat' dir='ltr'>si</span> <span class='ocrx_word' id='word_1_168' title='bbox 2070 1916 2199 1985; x_wconf 83' lang='lat' dir='ltr'>quis</span> 
     </span>
     <span class='ocr_line' id='line_1_21' title="bbox 245 1992 2200 2072; baseline -0.003 -16"><span class='ocrx_word' id='word_1_169' title='bbox 245 2000 415 2072; x_wconf 81' lang='lat' dir='ltr'>forte</span> <span class='ocrx_word' id='word_1_170' title='bbox 447 2007 457 2061; x_wconf 83' lang='lat' dir='ltr'>t</span> <span class='ocrx_word' id='word_1_171' title='bbox 489 2015 554 2055; x_wconf 86' lang='lat' dir='ltr'>ex</span> <span class='ocrx_word' id='word_1_172' title='bbox 584 1999 822 2055; x_wconf 81' lang='lat' dir='ltr'>’ancilla</span> <span class='ocrx_word' id='word_1_173' title='bbox 853 2015 949 2054; x_wconf 91' lang='lat' dir='ltr'>sua</span> <span class='ocrx_word' id='word_1_174' title='bbox 971 2006 1128 2055; x_wconf 90' lang='lat' dir='ltr'>natos</span> <span class='ocrx_word' id='word_1_175' title='bbox 1155 1992 1413 2071; x_wconf 84' lang='lat' dir='ltr'>spurios4</span> <span class='ocrx_word' id='word_1_176' title='bbox 1453 2000 1665 2055; x_wconf 80' lang='lat' dir='ltr'>liberos</span> <span class='ocrx_word' id='word_1_177' title='bbox 1696 2005 1751 2053; x_wconf 80' lang='lat' dir='ltr'>el</span> <span class='ocrx_word' id='word_1_178' title='bbox 1779 1998 2025 2053; x_wconf 77' lang='lat' dir='ltr'>heredes</span> <span class='ocrx_word' id='word_1_179' title='bbox 2056 2001 2200 2052; x_wconf 85' lang='lat' dir='ltr'>scri·</span> 
     </span>
    </p>
   </div>
   <div class='ocr_carea' id='block_1_3' title="bbox 172 2178 2208 3055">
    <p class='ocr_par' dir='ltr' id='par_1_3' title="bbox 172 2178 2208 3055">
     <span class='ocr_line' id='line_1_22' title="bbox 400 2178 2201 2244; baseline 0 -17"><span class='ocrx_word' id='word_1_180' title='bbox 400 2179 438 2244; x_wconf 91' lang='lat'>¹)</span> <span class='ocrx_word' id='word_1_181' title='bbox 474 2183 579 2227; x_wconf 68' lang='lat' dir='ltr'>sffifi</span> <span class='ocrx_word' id='word_1_182' title='bbox 619 2180 672 2230; x_wconf 82' lang='lat'><strong>0.</strong></span> <span class='ocrx_word' id='word_1_183' title='bbox 723 2182 1094 2229; x_wconf 87' lang='lat' dir='ltr'>manumissione</span> <span class='ocrx_word' id='word_1_184' title='bbox 1128 2179 1247 2228; x_wconf 86' lang='lat' dir='ltr'>edd.</span> <span class='ocrx_word' id='word_1_185' title='bbox 1295 2178 1473 2242; x_wconf 81' lang='lat' dir='ltr'>Neque</span> <span class='ocrx_word' id='word_1_186' title='bbox 1514 2193 1634 2228; x_wconf 78' lang='lat' dir='ltr'>vero</span> <span class='ocrx_word' id='word_1_187' title='bbox 1677 2178 2108 2228; x_wconf 76' lang='lat' dir='ltr'>manumissionem</span> <span class='ocrx_word' id='word_1_188' title='bbox 2149 2184 2201 2227; x_wconf 81' lang='lat' dir='ltr'>et</span> 
     </span>
     <span class='ocr_line' id='line_1_23' title="bbox 257 2245 2195 2312; baseline -0.002 -13"><span class='ocrx_word' id='word_1_189' title='bbox 257 2251 393 2299; x_wconf 77' lang='lat' dir='ltr'>alios</span> <span class='ocrx_word' id='word_1_190' title='bbox 417 2249 488 2298; x_wconf 80' lang='lat' dir='ltr'>acl</span> <span class='ocrx_word' id='word_1_191' title='bbox 509 2250 758 2298; x_wconf 81' lang='lat' dir='ltr'>civitatem</span> <span class='ocrx_word' id='word_1_192' title='bbox 779 2248 1116 2312; x_wconf 83' lang='lat' dir='ltr'>perveniendi</span> <span class='ocrx_word' id='word_1_193' title='bbox 1144 2247 1321 2296; x_wconf 71' lang='lat' dir='ltr'>modos</span> <span class='ocrx_word' id='word_1_194' title='bbox 1349 2246 1505 2295; x_wconf 77' lang='lat' dir='ltr'>Gaius</span> <span class='ocrx_word' id='word_1_195' title='bbox 1537 2254 1819 2310; x_wconf 82' lang='lat' dir='ltr'>comparat.</span> <span class='ocrx_word' id='word_1_196' title='bbox 1859 2245 1941 2308; x_wconf 79' lang='lat' dir='ltr'>Cf.</span> <span class='ocrx_word' id='word_1_197' title='bbox 1970 2258 2007 2304; x_wconf 89' lang='lat'>1,</span> <span class='ocrx_word' id='word_1_198' title='bbox 2037 2255 2103 2295; x_wconf 88' lang='lat'>15.</span> <span class='ocrx_word' id='word_1_199' title='bbox 2132 2256 2195 2296; x_wconf 84' lang='lat'><strong>16.</strong></span> 
     </span>
     <span class='ocr_line' id='line_1_24' title="bbox 262 2312 2199 2379; baseline -0.002 -14"><span class='ocrx_word' id='word_1_200' title='bbox 262 2327 330 2369; x_wconf 90' lang='lat'>18.</span> <span class='ocrx_word' id='word_1_201' title='bbox 354 2326 422 2367; x_wconf 83' lang='lat'><strong>35.</strong></span> <span class='ocrx_word' id='word_1_202' title='bbox 495 2314 537 2377; x_wconf 81' lang='lat'>²)</span> <span class='ocrx_word' id='word_1_203' title='bbox 574 2316 795 2366; x_wconf 79' lang='lat' dir='ltr'>Restitui</span> <span class='ocrx_word' id='word_1_204' title='bbox 809 2318 995 2379; x_wconf 84' lang='lat' dir='ltr'>priora</span> <span class='ocrx_word' id='word_1_205' title='bbox 1019 2317 1202 2365; x_wconf 78' lang='lat' dir='ltr'>ductus</span> <span class='ocrx_word' id='word_1_206' title='bbox 1225 2312 1431 2364; x_wconf 80' lang='lat' dir='ltr'>Codicis</span> <span class='ocrx_word' id='word_1_207' title='bbox 1454 2321 1671 2372; x_wconf 78' lang='lat' dir='ltr'>secutus,</span> <span class='ocrx_word' id='word_1_208' title='bbox 1701 2321 1880 2363; x_wconf 82' lang='lat' dir='ltr'>cetera</span> <span class='ocrx_word' id='word_1_209' title='bbox 1904 2330 1974 2363; x_wconf 67' lang='lat' dir='ltr'>eae</span> <span class='ocrx_word' id='word_1_210' title='bbox 1996 2319 2199 2363; x_wconf 78' lang='lat' dir='ltr'>senten-</span> 
     </span>
     <span class='ocr_line' id='line_1_25' title="bbox 261 2381 2208 2447; baseline -0.003 -13"><span class='ocrx_word' id='word_1_211' title='bbox 261 2388 336 2434; x_wconf 80' lang='lat' dir='ltr'>tia</span> <span class='ocrx_word' id='word_1_212' title='bbox 370 2390 421 2433; x_wconf 84' lang='lat' dir='ltr'>et</span> <span class='ocrx_word' id='word_1_213' title='bbox 457 2383 586 2437; x_wconf 79' lang='lat' dir='ltr'>Inst.</span> <span class='ocrx_word' id='word_1_214' title='bbox 631 2382 890 2447; x_wconf 77' lang='lat' dir='ltr'>Scriptum</span> <span class='ocrx_word' id='word_1_215' title='bbox 909 2384 1073 2445; x_wconf 71' lang='lat' dir='ltr'>fuisse</span> <span class='ocrx_word' id='word_1_216' title='bbox 1093 2388 1250 2447; x_wconf 84' lang='lat' dir='ltr'>puta:</span> <span class='ocrx_word' id='word_1_217' title='bbox 1287 2382 1337 2431; x_wconf 73' lang='grc' dir='ltr'>ξῖ·</span> <span class='ocrx_word' id='word_1_218' title='bbox 1369 2383 1609 2438; x_wconf 76' lang='lat' dir='ltr'>silmiliter</span> <span class='ocrx_word' id='word_1_219' title='bbox 1642 2397 1684 2431; x_wconf 88' lang='lat' dir='ltr'><strong>c.</strong></span> <span class='ocrx_word' id='word_1_220' title='bbox 1720 2381 1804 2434; x_wconf 88' lang='lat' dir='ltr'>lib.</span> <span class='ocrx_word' id='word_1_221' title='bbox 1833 2381 1881 2432; x_wconf 85' lang='lat' dir='ltr'><strong>h.</strong></span> <span class='ocrx_word' id='word_1_222' title='bbox 1917 2382 2065 2433; x_wconf 48' lang='lat' dir='ltr'>§.tus</span> <span class='ocrx_word' id='word_1_223' title='bbox 2092 2382 2208 2429; x_wconf 81' lang='lat' dir='ltr'>t0ti&#39;1</span> 
     </span>
     <span class='ocr_line' id='line_1_26' title="bbox 258 2447 2203 2515; baseline -0.003 -14"><span class='ocrx_word' id='word_1_224' title='bbox 258 2452 517 2515; x_wconf 73' lang='lat' dir='ltr'>praecedat</span> <span class='ocrx_word' id='word_1_225' title='bbox 541 2458 585 2499; x_wconf 90' lang='lat' dir='ltr'>et</span> <span class='ocrx_word' id='word_1_226' title='bbox 609 2465 746 2500; x_wconf 87' lang='lat' dir='ltr'>nemo</span> <span class='ocrx_word' id='word_1_227' title='bbox 773 2453 893 2501; x_wconf 88' lang='lat' dir='ltr'>alius</span> <span class='ocrx_word' id='word_1_228' title='bbox 918 2458 1015 2504; x_wconf 81' lang='lat' dir='ltr'>ete.</span> <span class='ocrx_word' id='word_1_229' title='bbox 1107 2449 1150 2513; x_wconf 84' lang='lat'>³)</span> <span class='ocrx_word' id='word_1_230' title='bbox 1193 2450 1434 2500; x_wconf 87' lang='lat' dir='ltr'>Proculus</span> <span class='ocrx_word' id='word_1_231' title='bbox 1459 2464 1530 2498; x_wconf 78' lang='lat' dir='ltr'>ex</span> <span class='ocrx_word' id='word_1_232' title='bbox 1557 2449 1743 2501; x_wconf 77' lang='lat' dir='ltr'>Go&#39;seh.</span> <span class='ocrx_word' id='word_1_233' title='bbox 1779 2450 1851 2509; x_wconf 73' lang='lat' dir='ltr'>ej.</span> <span class='ocrx_word' id='word_1_234' title='bbox 1880 2447 2000 2509; x_wconf 79' lang='lat' dir='ltr'>feci,</span> <span class='ocrx_word' id='word_1_235' title='bbox 2027 2455 2203 2496; x_wconf 73' lang='lat' dir='ltr'>cetera</span> 
     </span>
     <span class='ocr_line' id='line_1_27' title="bbox 258 2512 2199 2583; baseline -0.004 -15"><span class='ocrx_word' id='word_1_236' title='bbox 258 2536 336 2568; x_wconf 77' lang='lat' dir='ltr'>ea:</span> <span class='ocrx_word' id='word_1_237' title='bbox 359 2516 411 2581; x_wconf 71' lang='lat' dir='ltr'>S.</span> <span class='ocrx_word' id='word_1_238' title='bbox 435 2528 476 2568; x_wconf 86' lang='grc'><strong>2.</strong></span> <span class='ocrx_word' id='word_1_239' title='bbox 519 2518 566 2568; x_wconf 92' lang='lat'><strong>1.</strong></span> <span class='ocrx_word' id='word_1_240' title='bbox 590 2518 725 2583; x_wconf 83' lang='lat' dir='ltr'>quib.</span> <span class='ocrx_word' id='word_1_241' title='bbox 751 2534 961 2569; x_wconf 86' lang='lat' dir='ltr'>manum.</span> <span class='ocrx_word' id='word_1_242' title='bbox 989 2517 1052 2580; x_wconf 84' lang='lat'>(1,</span> <span class='ocrx_word' id='word_1_243' title='bbox 1077 2516 1147 2579; x_wconf 84' lang='grc'>6).</span> <span class='ocrx_word' id='word_1_244' title='bbox 1199 2516 1278 2577; x_wconf 82' lang='lat' dir='ltr'><strong>Cl&#39;.</strong></span> <span class='ocrx_word' id='word_1_245' title='bbox 1307 2516 1362 2579; x_wconf 67' lang='grc'><strong>3.</strong></span> <span class='ocrx_word' id='word_1_246' title='bbox 1392 2527 1431 2564; x_wconf 93' lang='grc'><strong>1.</strong></span> <span class='ocrx_word' id='word_1_247' title='bbox 1468 2516 1517 2564; x_wconf 92' lang='lat' dir='ltr'><strong>I.</strong></span> <span class='ocrx_word' id='word_1_248' title='bbox 1545 2518 1631 2579; x_wconf 80' lang='lat' dir='ltr'>qui</span> <span class='ocrx_word' id='word_1_249' title='bbox 1655 2521 1769 2565; x_wconf 71' lang='lat' dir='ltr'><strong>test.</strong></span> <span class='ocrx_word' id='word_1_250' title='bbox 1795 2520 1887 2561; x_wconf 79' lang='lat' dir='ltr'>tut.</span> <span class='ocrx_word' id='word_1_251' title='bbox 1912 2512 1980 2573; x_wconf 90' lang='lat'>(1,</span> <span class='ocrx_word' id='word_1_252' title='bbox 2008 2514 2097 2572; x_wconf 80' lang='grc'><strong>14).</strong></span> <span class='ocrx_word' id='word_1_253' title='bbox 2135 2513 2199 2563; x_wconf 88' lang='lat' dir='ltr'>L.</span> 
     </span>
     <span class='ocr_line' id='line_1_28' title="bbox 172 2582 2202 2648; baseline -0.005 -10"><span class='ocrx_word' id='word_1_254' title='bbox 172 2632 183 2639; x_wconf 83' lang='grc'><strong>.</strong></span> <span class='ocrx_word' id='word_1_255' title='bbox 257 2598 304 2637; x_wconf 68' lang='grc'><strong>5.</strong></span> <span class='ocrx_word' id='word_1_256' title='bbox 333 2586 389 2636; x_wconf 84' lang='lat'><strong>0.</strong></span> <span class='ocrx_word' id='word_1_257' title='bbox 415 2587 478 2635; x_wconf 82' lang='lat' dir='ltr'>de</span> <span class='ocrx_word' id='word_1_258' title='bbox 502 2593 618 2640; x_wconf 77' lang='lat' dir='ltr'>test.</span> <span class='ocrx_word' id='word_1_259' title='bbox 640 2593 730 2635; x_wconf 78' lang='lat' dir='ltr'>tul.</span> <span class='ocrx_word' id='word_1_260' title='bbox 763 2584 827 2648; x_wconf 88' lang='lat'>(5,</span> <span class='ocrx_word' id='word_1_261' title='bbox 847 2584 937 2648; x_wconf 83' lang='lat'><strong>28).</strong></span> <span class='ocrx_word' id='word_1_262' title='bbox 962 2610 1028 2620; x_wconf 93' lang='lat'>—</span> <span class='ocrx_word' id='word_1_263' title='bbox 1052 2584 1224 2633; x_wconf 79' lang='lat' dir='ltr'>Etiam</span> <span class='ocrx_word' id='word_1_264' title='bbox 1247 2585 1493 2647; x_wconf 77' lang='lat' dir='ltr'>reliquam</span> <span class='ocrx_word' id='word_1_265' title='bbox 1514 2589 1715 2644; x_wconf 77' lang='lat' dir='ltr'>partem</span> <span class='ocrx_word' id='word_1_266' title='bbox 1739 2582 1976 2645; x_wconf 61' lang='lat' dir='ltr'>papiam,</span> <span class='ocrx_word' id='word_1_267' title='bbox 2007 2596 2077 2629; x_wconf 77' lang='lat' dir='ltr'>ea:</span> <span class='ocrx_word' id='word_1_268' title='bbox 2101 2597 2202 2645; x_wconf 83' lang='lat' dir='ltr'>qua</span> 
     </span>
     <span class='ocr_line' id='line_1_29' title="bbox 260 2649 2202 2719; baseline -0.002 -17"><span class='ocrx_word' id='word_1_269' title='bbox 260 2655 383 2704; x_wconf 77' lang='lat' dir='ltr'>edd.</span> <span class='ocrx_word' id='word_1_270' title='bbox 405 2655 633 2719; x_wconf 72' lang='lat' dir='ltr'>sinyulas</span> <span class='ocrx_word' id='word_1_271' title='bbox 650 2658 843 2703; x_wconf 76' lang='lat' dir='ltr'>tantum</span> <span class='ocrx_word' id='word_1_272' title='bbox 861 2667 1010 2703; x_wconf 79' lang='lat' dir='ltr'>voces</span> <span class='ocrx_word' id='word_1_273' title='bbox 1035 2650 1247 2715; x_wconf 89' lang='lat' dir='ltr'>(spurios</span> <span class='ocrx_word' id='word_1_274' title='bbox 1270 2677 1341 2685; x_wconf 88' lang='lat'>—</span> <span class='ocrx_word' id='word_1_275' title='bbox 1364 2650 1573 2699; x_wconf 76' lang='lat' dir='ltr'>creditor</span> <span class='ocrx_word' id='word_1_276' title='bbox 1597 2674 1660 2684; x_wconf 93' lang='lat'><strong>—</strong></span> <span class='ocrx_word' id='word_1_277' title='bbox 1686 2665 1766 2699; x_wconf 87' lang='lat' dir='ltr'>sex</span> <span class='ocrx_word' id='word_1_278' title='bbox 1790 2674 1857 2683; x_wconf 95' lang='grc'>--</span> <span class='ocrx_word' id='word_1_279' title='bbox 1881 2649 2109 2699; x_wconf 83' lang='lat' dir='ltr'>debitoris</span> <span class='ocrx_word' id='word_1_280' title='bbox 2134 2676 2202 2685; x_wconf 85' lang='lat'>—</span> 
     </span>
     <span class='ocr_line' id='line_1_30' title="bbox 266 2718 2200 2785; baseline -0.003 -14"><span class='ocrx_word' id='word_1_281' title='bbox 266 2724 384 2783; x_wconf 83' lang='lat' dir='ltr'>legis</span> <span class='ocrx_word' id='word_1_282' title='bbox 410 2751 473 2761; x_wconf 92' lang='lat'>—</span> <span class='ocrx_word' id='word_1_283' title='bbox 499 2723 697 2785; x_wconf 86' lang='lat' dir='ltr'>pecunia</span> <span class='ocrx_word' id='word_1_284' title='bbox 723 2747 789 2756; x_wconf 92' lang='lat'>—</span> <span class='ocrx_word' id='word_1_285' title='bbox 815 2736 866 2770; x_wconf 89' lang='lat' dir='ltr'>ea</span> <span class='ocrx_word' id='word_1_286' title='bbox 894 2720 1150 2770; x_wconf 87' lang='lat' dir='ltr'>traditione</span> <span class='ocrx_word' id='word_1_287' title='bbox 1183 2744 1246 2753; x_wconf 85' lang='lat'>-—</span> <span class='ocrx_word' id='word_1_288' title='bbox 1280 2718 1709 2783; x_wconf 87' lang='lat' dir='ltr'>mancipationibus</span> <span class='ocrx_word' id='word_1_289' title='bbox 1735 2743 1798 2753; x_wconf 94' lang='lat'><strong>—</strong></span> <span class='ocrx_word' id='word_1_290' title='bbox 1827 2718 2040 2767; x_wconf 89' lang='lat' dir='ltr'>Latinum</span> <span class='ocrx_word' id='word_1_291' title='bbox 2064 2744 2133 2753; x_wconf 89' lang='lat'><em>-</em></span> <span class='ocrx_word' id='word_1_292' title='bbox 2158 2720 2200 2767; x_wconf 86' lang='lat' dir='ltr'>is</span> 
     </span>
     <span class='ocr_line' id='line_1_31' title="bbox 259 2786 2199 2853; baseline -0.002 -15"><span class='ocrx_word' id='word_1_293' title='bbox 259 2787 394 2853; x_wconf 83' lang='lat' dir='ltr'>quia)</span> <span class='ocrx_word' id='word_1_294' title='bbox 417 2795 710 2853; x_wconf 79' lang='lat' dir='ltr'>praestant,</span> <span class='ocrx_word' id='word_1_295' title='bbox 736 2789 808 2837; x_wconf 85' lang='lat' dir='ltr'>ad</span> <span class='ocrx_word' id='word_1_296' title='bbox 829 2788 1012 2850; x_wconf 71' lang='lat' dir='ltr'><strong>Sched.</strong></span> <span class='ocrx_word' id='word_1_297' title='bbox 1037 2788 1215 2837; x_wconf 76' lang='lat' dir='ltr'>ductus</span> <span class='ocrx_word' id='word_1_298' title='bbox 1238 2793 1291 2836; x_wconf 84' lang='lat' dir='ltr'>et</span> <span class='ocrx_word' id='word_1_299' title='bbox 1312 2787 1596 2837; x_wconf 79' lang='lat' dir='ltr'>sententiae</span> <span class='ocrx_word' id='word_1_300' title='bbox 1620 2786 2027 2850; x_wconf 79' lang='lat' dir='ltr'>probabilitatem</span> <span class='ocrx_word' id='word_1_301' title='bbox 2049 2790 2199 2835; x_wconf 80' lang='lat' dir='ltr'>resti·</span> 
     </span>
     <span class='ocr_line' id='line_1_32' title="bbox 262 2852 2199 2920; baseline -0.001 -15"><span class='ocrx_word' id='word_1_302' title='bbox 262 2858 356 2912; x_wconf 76' lang='lat' dir='ltr'>tui,</span> <span class='ocrx_word' id='word_1_303' title='bbox 382 2859 435 2906; x_wconf 87' lang='lat' dir='ltr'>in</span> <span class='ocrx_word' id='word_1_304' title='bbox 459 2858 539 2906; x_wconf 82' lang='lat' dir='ltr'>ed.</span> <span class='ocrx_word' id='word_1_305' title='bbox 563 2867 605 2905; x_wconf 83' lang='lat'><strong>3.</strong></span> <span class='ocrx_word' id='word_1_306' title='bbox 628 2858 809 2920; x_wconf 78' lang='lat' dir='ltr'>paucis</span> <span class='ocrx_word' id='word_1_307' title='bbox 833 2864 1021 2906; x_wconf 85' lang='lat' dir='ltr'>tantum</span> <span class='ocrx_word' id='word_1_308' title='bbox 1044 2857 1096 2905; x_wconf 90' lang='lat' dir='ltr'>in</span> <span class='ocrx_word' id='word_1_309' title='bbox 1123 2853 1180 2919; x_wconf 66' lang='lat' dir='ltr'><strong>S.</strong></span> <span class='ocrx_word' id='word_1_310' title='bbox 1205 2866 1271 2904; x_wconf 92' lang='grc'><strong>22.</strong></span> <span class='ocrx_word' id='word_1_311' title='bbox 1297 2856 1515 2905; x_wconf 73' lang='lat' dir='ltr'>mutatis,</span> <span class='ocrx_word' id='word_1_312' title='bbox 1587 2852 1631 2917; x_wconf 90' lang='lat'>⁴)</span> <span class='ocrx_word' id='word_1_313' title='bbox 1670 2854 1736 2903; x_wconf 92' lang='lat' dir='ltr'>ln</span> <span class='ocrx_word' id='word_1_314' title='bbox 1763 2854 1818 2905; x_wconf 83' lang='lat'><strong>0.</strong></span> <span class='ocrx_word' id='word_1_315' title='bbox 1840 2854 2030 2915; x_wconf 78' lang='lat' dir='ltr'>fuerit.-</span> <span class='ocrx_word' id='word_1_316' title='bbox 2058 2854 2199 2903; x_wconf 64' lang='lat' dir='ltr'>§oilla</span> 
     </span>
     <span class='ocr_line' id='line_1_33' title="bbox 261 2922 2198 2989; baseline -0.001 -16"><span class='ocrx_word' id='word_1_317' title='bbox 261 2940 378 2973; x_wconf 74' lang='lat' dir='ltr'>sutae</span> <span class='ocrx_word' id='word_1_318' title='bbox 411 2926 727 2988; x_wconf 83' lang='lat' dir='ltr'>natospurioS.</span> <span class='ocrx_word' id='word_1_319' title='bbox 786 2925 864 2974; x_wconf 88' lang='lat' dir='ltr'>De</span> <span class='ocrx_word' id='word_1_320' title='bbox 887 2925 982 2974; x_wconf 74' lang='lat' dir='ltr'>hoc</span> <span class='ocrx_word' id='word_1_321' title='bbox 1013 2924 1212 2989; x_wconf 73' lang='lat' dir='ltr'>vulyari</span> <span class='ocrx_word' id='word_1_322' title='bbox 1240 2940 1284 2977; x_wconf 85' lang='grc' dir='ltr'><strong>υ.</strong></span> <span class='ocrx_word' id='word_1_323' title='bbox 1316 2924 1604 2988; x_wconf 78' lang='lat' dir='ltr'>spuriorum</span> <span class='ocrx_word' id='word_1_324' title='bbox 1641 2937 1733 2971; x_wconf 76' lang='lat' dir='ltr'>usu</span> <span class='ocrx_word' id='word_1_325' title='bbox 1758 2922 1827 2983; x_wconf 77' lang='lat' dir='ltr'>cf.</span> <span class='ocrx_word' id='word_1_326' title='bbox 1853 2922 2129 2975; x_wconf 81' lang='lat' dir='ltr'>Forcelh&#39;n.</span> <span class='ocrx_word' id='word_1_327' title='bbox 2154 2938 2198 2972; x_wconf 78' lang='lat' dir='ltr'><strong>s.</strong></span> 
     </span>
     <span class='ocr_line' id='line_1_34' title="bbox 259 2992 678 3055; baseline -0.007 -13"><span class='ocrx_word' id='word_1_328' title='bbox 259 3010 308 3042; x_wconf 76' lang='lat' dir='ltr'><strong>v.</strong></span> <span class='ocrx_word' id='word_1_329' title='bbox 333 2993 539 3055; x_wconf 74' lang='lat' dir='ltr'>spurius</span> <span class='ocrx_word' id='word_1_330' title='bbox 565 2994 616 3040; x_wconf 85' lang='lat' dir='ltr'>in</span> <span class='ocrx_word' id='word_1_331' title='bbox 637 2992 678 3053; x_wconf 78' lang='lat' dir='ltr'><strong>f.</strong></span> 
     </span>
    </p>
   </div>
   <div class='ocr_carea' id='block_1_4' title="bbox 258 3137 2201 3413">
    <p class='ocr_par' dir='ltr' id='par_1_4' title="bbox 258 3137 2201 3413">
     <span class='ocr_line' id='line_1_35' title="bbox 400 3137 2200 3211; baseline -0.001 -17"><span class='ocrx_word' id='word_1_332' title='bbox 400 3140 451 3211; x_wconf 66' lang='grc' dir='ltr'><strong>ξ.</strong></span> <span class='ocrx_word' id='word_1_333' title='bbox 477 3146 562 3194; x_wconf 87' lang='grc'><strong>20.</strong></span> <span class='ocrx_word' id='word_1_334' title='bbox 605 3144 685 3206; x_wconf 77' lang='lat' dir='ltr'>Cf.</span> <span class='ocrx_word' id='word_1_335' title='bbox 716 3144 902 3207; x_wconf 49' lang='lat' dir='ltr'>[Ilpa.</span> <span class='ocrx_word' id='word_1_336' title='bbox 929 3153 977 3193; x_wconf 84' lang='lat'>13</span> <span class='ocrx_word' id='word_1_337' title='bbox 1000 3159 1049 3192; x_wconf 85' lang='lat' dir='ltr'>a.</span> <span class='ocrx_word' id='word_1_338' title='bbox 1087 3141 1140 3206; x_wconf 69' lang='grc'><strong>3.</strong></span> <span class='ocrx_word' id='word_1_339' title='bbox 1165 3153 1204 3197; x_wconf 82' lang='lat'>2.</span> <span class='ocrx_word' id='word_1_340' title='bbox 1241 3142 1291 3193; x_wconf 91' lang='lat' dir='ltr'><strong>I.</strong></span> <span class='ocrx_word' id='word_1_341' title='bbox 1317 3144 1382 3193; x_wconf 82' lang='lat' dir='ltr'>de</span> <span class='ocrx_word' id='word_1_342' title='bbox 1406 3142 1571 3193; x_wconf 81' lang='lat' dir='ltr'>libert.</span> <span class='ocrx_word' id='word_1_343' title='bbox 1610 3141 1671 3201; x_wconf 88' lang='grc'>(1,</span> <span class='ocrx_word' id='word_1_344' title='bbox 1696 3137 1761 3206; x_wconf 83' lang='lat'>5),</span> <span class='ocrx_word' id='word_1_345' title='bbox 1806 3142 2067 3207; x_wconf 72' lang='lat' dir='ltr'>Theophil.</span> <span class='ocrx_word' id='word_1_346' title='bbox 2095 3155 2133 3200; x_wconf 89' lang='lat'>1,</span> <span class='ocrx_word' id='word_1_347' title='bbox 2160 3153 2200 3193; x_wconf 87' lang='lat'><strong>5.</strong></span> 
     </span>
     <span class='ocr_line' id='line_1_36' title="bbox 263 3209 2199 3276; baseline -0.003 -13"><span class='ocrx_word' id='word_1_348' title='bbox 263 3210 363 3276; x_wconf 70' lang='lat' dir='ltr'>§S-</span> <span class='ocrx_word' id='word_1_349' title='bbox 399 3224 440 3262; x_wconf 84' lang='grc'><strong>2.</strong></span> <span class='ocrx_word' id='word_1_350' title='bbox 474 3222 516 3261; x_wconf 78' lang='grc'><strong>4.</strong></span> <span class='ocrx_word' id='word_1_351' title='bbox 553 3226 596 3274; x_wconf 94' lang='grc'>1,</span> <span class='ocrx_word' id='word_1_352' title='bbox 632 3223 672 3261; x_wconf 91' lang='grc'><strong>6.</strong></span> <span class='ocrx_word' id='word_1_353' title='bbox 708 3210 764 3276; x_wconf 69' lang='lat' dir='ltr'><strong>S.</strong></span> <span class='ocrx_word' id='word_1_354' title='bbox 786 3222 828 3262; x_wconf 85' lang='lat'><strong>4.</strong></span> <span class='ocrx_word' id='word_1_355' title='bbox 864 3211 928 3263; x_wconf 80' lang='lat' dir='ltr'><strong>l..</strong></span> <span class='ocrx_word' id='word_1_356' title='bbox 965 3220 1013 3260; x_wconf 86' lang='lat'>16</span> <span class='ocrx_word' id='word_1_357' title='bbox 1041 3227 1126 3275; x_wconf 86' lang='lat' dir='ltr'>pr.</span> <span class='ocrx_word' id='word_1_358' title='bbox 1164 3212 1229 3260; x_wconf 90' lang='lat' dir='ltr'><strong>D.</strong></span> <span class='ocrx_word' id='word_1_359' title='bbox 1265 3212 1331 3261; x_wconf 83' lang='lat' dir='ltr'>de</span> <span class='ocrx_word' id='word_1_360' title='bbox 1364 3226 1575 3260; x_wconf 83' lang='lat' dir='ltr'>manum.</span> <span class='ocrx_word' id='word_1_361' title='bbox 1602 3212 1736 3259; x_wconf 81' lang='lat' dir='ltr'>vind.</span> <span class='ocrx_word' id='word_1_362' title='bbox 1766 3209 1856 3273; x_wconf 62' lang='lat' dir='ltr'>(ato,</span> <span class='ocrx_word' id='word_1_363' title='bbox 1882 3209 1948 3273; x_wconf 83' lang='lat'><strong>2).</strong></span> <span class='ocrx_word' id='word_1_364' title='bbox 1984 3211 2048 3260; x_wconf 84' lang='lat' dir='ltr'><strong>L.</strong></span> <span class='ocrx_word' id='word_1_365' title='bbox 2077 3223 2115 3259; x_wconf 87' lang='lat'><strong>1.</strong></span> <span class='ocrx_word' id='word_1_366' title='bbox 2145 3210 2199 3258; x_wconf 76' lang='lat'><strong>0.</strong></span> 
     </span>
     <span class='ocr_line' id='line_1_37' title="bbox 258 3277 2201 3343; baseline -0.003 -13"><span class='ocrx_word' id='word_1_367' title='bbox 258 3280 472 3343; x_wconf 73' lang='lat' dir='ltr'>eod.‘(7,</span> <span class='ocrx_word' id='word_1_368' title='bbox 500 3278 569 3342; x_wconf 88' lang='lat'><strong>1).</strong></span> <span class='ocrx_word' id='word_1_369' title='bbox 609 3281 728 3330; x_wconf 78' lang='lat' dir='ltr'>Lea:</span> <span class='ocrx_word' id='word_1_370' title='bbox 751 3280 896 3329; x_wconf 83' lang='lat' dir='ltr'>Flav.</span> <span class='ocrx_word' id='word_1_371' title='bbox 925 3278 1161 3343; x_wconf 80' lang='lat' dir='ltr'>Salpens.</span> <span class='ocrx_word' id='word_1_372' title='bbox 1188 3288 1256 3331; x_wconf 87' lang='grc'><strong>28.</strong></span> <span class='ocrx_word' id='word_1_373' title='bbox 1287 3278 1351 3332; x_wconf 81' lang='lat' dir='ltr'><strong>l..</strong></span> <span class='ocrx_word' id='word_1_374' title='bbox 1369 3289 1394 3328; x_wconf 83' lang='lat'><strong>3</strong></span> <span class='ocrx_word' id='word_1_375' title='bbox 1414 3295 1498 3342; x_wconf 88' lang='lat' dir='ltr'>pr.</span> <span class='ocrx_word' id='word_1_376' title='bbox 1542 3277 1631 3327; x_wconf 86' lang='grc' dir='ltr'><strong>ΤΙι.</strong></span> <span class='ocrx_word' id='word_1_377' title='bbox 1663 3278 1717 3328; x_wconf 81' lang='lat' dir='ltr'><strong>G.</strong></span> <span class='ocrx_word' id='word_1_378' title='bbox 1746 3280 1809 3327; x_wconf 85' lang='lat' dir='ltr'>de</span> <span class='ocrx_word' id='word_1_379' title='bbox 1836 3284 1989 3327; x_wconf 77' lang='lat' dir='ltr'>tutor.</span> <span class='ocrx_word' id='word_1_380' title='bbox 2018 3286 2069 3327; x_wconf 79' lang='lat' dir='ltr'>et</span> <span class='ocrx_word' id='word_1_381' title='bbox 2093 3293 2201 3327; x_wconf 81' lang='lat' dir='ltr'>cur.</span> 
     </span>
     <span class='ocr_line' id='line_1_38' title="bbox 264 3343 2201 3413; baseline -0.004 -14"><span class='ocrx_word' id='word_1_382' title='bbox 264 3345 330 3410; x_wconf 84' lang='lat'>(3,</span> <span class='ocrx_word' id='word_1_383' title='bbox 352 3348 438 3412; x_wconf 93' lang='grc'><strong>17).</strong></span> <span class='ocrx_word' id='word_1_384' title='bbox 475 3350 640 3398; x_wconf 88' lang='lat' dir='ltr'>ultimo</span> <span class='ocrx_word' id='word_1_385' title='bbox 666 3349 744 3397; x_wconf 90' lang='lat' dir='ltr'>die</span> <span class='ocrx_word' id='word_1_386' title='bbox 768 3343 932 3413; x_wconf 87' lang='lat' dir='ltr'>conv.]</span> <span class='ocrx_word' id='word_1_387' title='bbox 960 3348 1047 3411; x_wconf 78' lang='lat' dir='ltr'>qui</span> <span class='ocrx_word' id='word_1_388' title='bbox 1068 3362 1174 3395; x_wconf 82' lang='lat' dir='ltr'>cum</span> <span class='ocrx_word' id='word_1_389' title='bbox 1200 3352 1306 3395; x_wconf 79' lang='lat' dir='ltr'>toto</span> <span class='ocrx_word' id='word_1_390' title='bbox 1332 3353 1575 3396; x_wconf 79' lang='lat' dir='ltr'>conventu</span> <span class='ocrx_word' id='word_1_391' title='bbox 1598 3346 1911 3398; x_wconf 71' lang='lat' dir='ltr'>edicebatur,</span> <span class='ocrx_word' id='word_1_392' title='bbox 1952 3343 2032 3403; x_wconf 80' lang='lat' dir='ltr'><strong>Cf.</strong></span> <span class='ocrx_word' id='word_1_393' title='bbox 2059 3343 2201 3392; x_wconf 76' lang='lat' dir='ltr'>Suet.</span> 
     </span>
    </p>
   </div>
   <div class='ocr_carea' id='block_1_5' title="bbox 258 3408 2203 3552">
    <p class='ocr_par' dir='ltr' id='par_1_5' title="bbox 258 3408 2203 3552">
     <span class='ocr_line' id='line_1_39' title="bbox 265 3408 2199 3481; baseline -0.005 -15"><span class='ocrx_word' id='word_1_394' title='bbox 265 3417 411 3467; x_wconf 83' lang='lat' dir='ltr'>Galb.</span> <span class='ocrx_word' id='word_1_395' title='bbox 439 3428 503 3469; x_wconf 88' lang='grc'><strong>10.</strong></span> <span class='ocrx_word' id='word_1_396' title='bbox 532 3418 666 3471; x_wconf 80' lang='lat' dir='ltr'>Plut.</span> <span class='ocrx_word' id='word_1_397' title='bbox 697 3415 839 3465; x_wconf 71' lang='lat' dir='ltr'>Gaib.</span> <span class='ocrx_word' id='word_1_398' title='bbox 860 3424 901 3468; x_wconf 86' lang='lat'><strong>5.</strong></span> <span class='ocrx_word' id='word_1_399' title='bbox 970 3411 1022 3481; x_wconf 68' lang='grc' dir='ltr'><strong>ξ.</strong></span> <span class='ocrx_word' id='word_1_400' title='bbox 1044 3416 1125 3463; x_wconf 79' lang='lat'><strong>21.</strong></span> <span class='ocrx_word' id='word_1_401' title='bbox 1163 3413 1244 3476; x_wconf 79' lang='lat' dir='ltr'>Cf.</span> <span class='ocrx_word' id='word_1_402' title='bbox 1269 3412 1325 3477; x_wconf 73' lang='lat' dir='ltr'><strong>S.</strong></span> <span class='ocrx_word' id='word_1_403' title='bbox 1345 3425 1384 3462; x_wconf 89' lang='lat'><strong>1.</strong></span> <span class='ocrx_word' id='word_1_404' title='bbox 1411 3414 1462 3464; x_wconf 88' lang='grc' dir='ltr'><strong>Ι.</strong></span> <span class='ocrx_word' id='word_1_405' title='bbox 1481 3412 1613 3477; x_wconf 85' lang='lat' dir='ltr'>quib.</span> <span class='ocrx_word' id='word_1_406' title='bbox 1636 3428 1706 3462; x_wconf 80' lang='lat' dir='ltr'>ea:</span> <span class='ocrx_word' id='word_1_407' title='bbox 1724 3427 1862 3461; x_wconf 80' lang='lat' dir='ltr'>caus,</span> <span class='ocrx_word' id='word_1_408' title='bbox 1883 3426 2013 3459; x_wconf 86' lang='lat' dir='ltr'>man.</span> <span class='ocrx_word' id='word_1_409' title='bbox 2043 3408 2103 3473; x_wconf 93' lang='lat'>(1,</span> <span class='ocrx_word' id='word_1_410' title='bbox 2123 3411 2199 3471; x_wconf 81' lang='lat'>6):</span> 
     </span>
     <span class='ocr_line' id='line_1_40' title="bbox 258 3480 2203 3552; baseline -0.004 -19"><span class='ocrx_word' id='word_1_411' title='bbox 258 3484 409 3545; x_wconf 77' lang='lat' dir='ltr'>infra</span> <span class='ocrx_word' id='word_1_412' title='bbox 432 3495 475 3545; x_wconf 88' lang='grc'>2,</span> <span class='ocrx_word' id='word_1_413' title='bbox 508 3494 599 3533; x_wconf 80' lang='grc'><strong>154.</strong></span> <span class='ocrx_word' id='word_1_414' title='bbox 631 3493 724 3533; x_wconf 83' lang='grc'><strong>276.</strong></span> <span class='ocrx_word' id='word_1_415' title='bbox 764 3483 882 3552; x_wconf 69' lang='lat' dir='ltr'>Uip.</span> <span class='ocrx_word' id='word_1_416' title='bbox 916 3493 958 3543; x_wconf 87' lang='lat'>1,</span> <span class='ocrx_word' id='word_1_417' title='bbox 994 3493 1058 3531; x_wconf 82' lang='lat'><strong>14.</strong></span> <span class='ocrx_word' id='word_1_418' title='bbox 1097 3481 1187 3530; x_wconf 85' lang='lat' dir='ltr'>Fr.</span> <span class='ocrx_word' id='word_1_419' title='bbox 1214 3482 1338 3531; x_wconf 80' lang='lat' dir='ltr'><strong>Dos.</strong></span> <span class='ocrx_word' id='word_1_420' title='bbox 1376 3490 1441 3529; x_wconf 89' lang='grc'><strong>16.</strong></span> <span class='ocrx_word' id='word_1_421' title='bbox 1471 3482 1531 3529; x_wconf 88' lang='lat' dir='ltr'><strong>L.</strong></span> <span class='ocrx_word' id='word_1_422' title='bbox 1555 3489 1619 3528; x_wconf 94' lang='grc'><strong>27.</strong></span> <span class='ocrx_word' id='word_1_423' title='bbox 1660 3480 1724 3526; x_wconf 88' lang='lat' dir='ltr'><strong>D.</strong></span> <span class='ocrx_word' id='word_1_424' title='bbox 1750 3480 1813 3526; x_wconf 85' lang='lat' dir='ltr'>de</span> <span class='ocrx_word' id='word_1_425' title='bbox 1837 3491 2048 3523; x_wconf 79' lang='lat' dir='ltr'>manum.</span> <span class='ocrx_word' id='word_1_426' title='bbox 2087 3482 2203 3526; x_wconf 77' lang='lat' dir='ltr'><strong>test.</strong></span> 
     </span>
    </p>
   </div>
   <div class='ocr_carea' id='block_1_6' title="bbox 253 3540 2203 3683">
    <p class='ocr_par' dir='ltr' id='par_1_6' title="bbox 253 3540 2203 3683">
     <span class='ocr_line' id='line_1_41' title="bbox 263 3540 2203 3615; baseline -0.007 -14"><span class='ocrx_word' id='word_1_427' title='bbox 263 3552 358 3615; x_wconf 83' lang='lat'>(40,</span> <span class='ocrx_word' id='word_1_428' title='bbox 394 3552 460 3615; x_wconf 84' lang='lat'><strong>2).</strong></span> <span class='ocrx_word' id='word_1_429' title='bbox 501 3551 563 3602; x_wconf 87' lang='lat' dir='ltr'><strong>l..</strong></span> <span class='ocrx_word' id='word_1_430' title='bbox 586 3561 654 3601; x_wconf 79' lang='lat' dir='ltr'>eo.</span> <span class='ocrx_word' id='word_1_431' title='bbox 695 3552 758 3600; x_wconf 87' lang='lat' dir='ltr'><strong>D.</strong></span> <span class='ocrx_word' id='word_1_432' title='bbox 797 3553 862 3601; x_wconf 75' lang='lat' dir='ltr'>de</span> <span class='ocrx_word' id='word_1_433' title='bbox 893 3550 1001 3600; x_wconf 80' lang='lat' dir='ltr'>her.</span> <span class='ocrx_word' id='word_1_434' title='bbox 1036 3550 1154 3599; x_wconf 79' lang='lat' dir='ltr'>inst.</span> <span class='ocrx_word' id='word_1_435' title='bbox 1193 3552 1284 3609; x_wconf 78' lang='lat'>(28,</span> <span class='ocrx_word' id='word_1_436' title='bbox 1310 3546 1373 3609; x_wconf 83' lang='lat'><strong>5).</strong></span> <span class='ocrx_word' id='word_1_437' title='bbox 1445 3544 1497 3611; x_wconf 69' lang='grc' dir='ltr'><strong>ξ.</strong></span> <span class='ocrx_word' id='word_1_438' title='bbox 1532 3546 1637 3594; x_wconf 77' lang='lat'><strong>21⁸.</strong></span> <span class='ocrx_word' id='word_1_439' title='bbox 1674 3544 1754 3605; x_wconf 77' lang='lat' dir='ltr'>Cf.</span> <span class='ocrx_word' id='word_1_440' title='bbox 1785 3541 1927 3603; x_wconf 82' lang='lat' dir='ltr'>Epit.</span> <span class='ocrx_word' id='word_1_441' title='bbox 1954 3551 1992 3601; x_wconf 88' lang='lat'>1,</span> <span class='ocrx_word' id='word_1_442' title='bbox 2017 3551 2056 3589; x_wconf 84' lang='lat'><strong>2.</strong></span> <span class='ocrx_word' id='word_1_443' title='bbox 2085 3540 2137 3603; x_wconf 66' lang='lat'><strong>3.</strong></span> <span class='ocrx_word' id='word_1_444' title='bbox 2162 3551 2203 3588; x_wconf 86' lang='lat'><strong>2.</strong></span> 
     </span>
     <span class='ocr_line' id='line_1_42' title="bbox 253 3617 677 3683; baseline -0.002 -14"><span class='ocrx_word' id='word_1_445' title='bbox 253 3619 409 3681; x_wconf 77' lang='lat' dir='ltr'>infra</span> <span class='ocrx_word' id='word_1_446' title='bbox 433 3621 506 3669; x_wconf 85' lang='lat' dir='ltr'>ad</span> <span class='ocrx_word' id='word_1_447' title='bbox 531 3617 584 3683; x_wconf 74' lang='lat' dir='ltr'><strong>S.</strong></span> <span class='ocrx_word' id='word_1_448' title='bbox 611 3627 677 3669; x_wconf 83' lang='lat'><strong>45.</strong></span> 
     </span>
    </p>
   </div>
  </div>
 </body>
</html>
