2546 3928
787 243 903 277 osu
942 243 1135 279 msn'r.
1173 228 1242 276 11.
1283 229 1610 300 &Oh-Qu.
2034 229 2152 285 123

95 379 197 434 204]
219 370 411 440 'potest
453 367 520 423 ab
563 384 650 436 eo,
696 367 760 422 ad
793 384 953 440 quem
996 367 1137 423 bona
1169 368 1287 422 eius
1329 368 1623 439 pertinent,
1670 367 2157 424 fideicommissum

218 452 384 508 alicui
409 452 749 524 relinquere3
787 468 909 508 cum
933 451 1172 523 alioquin
1205 450 1270 506 ab
1303 467 1368 506 eo
1398 451 1570 523 legari
1601 468 1709 507 non
1744 454 1938 524 possit.
1992 448 2156 510 270⁸.

217 537 366 592 Item
407 539 655 609 leyatum
699 538 978 592 codicillis
1017 535 1265 591 relictum
1309 552 1420 591 non
1463 536 1619 591 aliter
1649 535 1817 606 ualet,
1863 553 2022 609 quam
2054 539 2158 593 sia

219 630 490 676 testatore
523 619 824 676 confirmati
865 620 1090 690 suerint,
1130 619 1183 675 id
1216 628 1322 690 est,
1364 622 1468 674 nisi
1499 621 1551 675 in
1585 628 1914 677 testamento
1948 626 2160 677 canerit

218 714 474 774 testator,
532 713 592 760 ut
649 705 904 778 quidquid
950 707 1001 759 in
1047 703 1313 759 codicillis
1363 705 1664 778 scripserit,
1719 705 1771 765 id
1824 714 2002 760 ratum
2054 708 2158 773 sit;

217 787 694 846 fideicommissum
737 807 870 845 uero
915 791 1075 845 etiam
1107 805 1215 844 non
1254 787 1586 845 confirmatis
1630 789 1894 846 codicillis
1923 790 2156 864 relinqui

213 882 424 947 potest.
526 869 651 931 271.
698 874 829 929 Item
875 891 902 929 a
947 874 1208 946 legatario
1250 873 1421 946 legari
1465 890 1575 929 non
1617 881 1823 947 potest,
1869 874 1963 929 sed
2008 873 2156 930 fidei-

215 960 565 1015 commissum
609 959 841 1029 relinqui
885 966 1090 1032 potest.
1176 958 1306 1030 quin
1354 959 1510 1012 etiam
1556 957 1621 1013 ab
1665 975 1730 1013 eo
1774 975 2015 1032 quoque,
2069 961 2155 1014 cui

211 1059 317 1116 per
361 1041 833 1099 fideicommissum
874 1043 1250 1115 relinquimuS‚
1292 1059 1483 1097 rursus
1527 1043 1613 1098 alii
1651 1059 1749 1116 per
1780 1041 2158 1098 fideicommis-

213 1145 340 1182 sum
381 1127 690 1200 relinquere
731 1144 1043 1201 possumuS.
1155 1122 1290 1183 272.
1347 1127 1478 1182 Item
1520 1144 1683 1183 seruo
1729 1127 1903 1184 alieno
1948 1128 2153 1184 directo

211 1212 438 1268 libertas
499 1212 612 1266 (lari
645 1229 779 1267 uon
840 1219 1044 1284 potest,
1103 1211 1198 1266 sed
1258 1227 1357 1283 per
1416 1211 1891 1267 fideicommissum
1948 1220 2153 1285 potest.

209 1291 351 1353 273.
400 1296 532 1352 Item
565 1295 828 1351 codicillis
863 1310 1020 1350 nemo
1063 1295 1222 1350 heres
1253 1296 1466 1350 institui
1508 1304 1692 1368 potest
1722 1312 1899 1369 neque
1932 1297 2153 1351 exhere-

209 1381 355 1451 dari,
417 1381 661 1454 quamuis
705 1388 1032 1435 testamento
1073 1377 1376 1433 confirmati
1419 1380 1554 1442 sint;
1611 1387 1662 1434 at
1703 1380 1811 1451 hic,
1855 1381 1947 1452 qui
1995 1387 2156 1434 testa-

207 1474 402 1520 mento
449 1466 605 1520 heres
649 1463 936 1518 institutus
989 1469 1092 1533 est,
1145 1469 1333 1534 potest
1374 1462 1635 1518 codicillis
1680 1464 1883 1536 rogari,
1937 1471 1997 1518 ut
2040 1481 2154 1519 eam

206 1549 574 1604 hereditatem
614 1546 701 1601 alii
744 1554 916 1600 totam
965 1546 1052 1600 uel
1097 1563 1160 1600 ex
1202 1554 1356 1618 parte
1386 1548 1660 1614 restituat,
1703 1549 1946 1619 quamuis
1987 1556 2156 1603 testa-

202 1641 410 1686 mento
465 1631 696 1687 codicilli
750 1628 1051 1687 confirmati
1103 1647 1211 1686 non
1272 1632 1400 1686 sint.
1471 1625 1479 1709 Ι
1555 1626 1689 1687 274.
1755 1631 1888 1686 Item
1942 1632 2292 1702 mulier‚1-24,

204 1732 355 1790 quae
412 1714 475 1769 ab
529 1731 615 1783 eo,
671 1717 762 1787 qui
807 1723 1022 1770 centum
1067 1715 1210 1770 milia
1254 1717 1389 1770 aeris
1433 1732 1627 1771 census
1671 1724 1773 1786 est,
1828 1733 1927 1790 per
1976 1716 2154 1790 legem

100 1809 184 1876 205]
212 1801 514 1855 Voconiam
561 1800 743 1855 ’heres
783 1792 1077 1854 instituta¹
1124 1815 1341 1871 capere
1383 1817 1491 1855 nou
1534 1810 1738 1874 potest,
1785 1811 1958 1857 tamen
2004 1799 2153 1857 fidei-

206 2002 409 2049 missum
436 2006 510 2049 est
534 2000 722 2049 herede
748 2005 961 2059 mortuo,
996 2001 1189 2063 poterit
1210 2002 1500 2062 pervenire,
1526 2002 1574 2048 si
1598 2003 1714 2049 talis
1734 2002 1896 2062 fuerit
1921 2002 2152 2050 condic-io

210 2069 529 2117 testamenti:
555 2084 666 2116 nam
687 2069 901 2130 legatum
925 2068 999 2115 ita
1022 2068 1245 2131 relinqui
1266 2082 1366 2116 non
1390 2071 1604 2129 potest’,
1632 2074 1846 2129 praeter
1869 2068 1999 2115 lzunc
2026 2067 2152 2130 Epi-

209 2144 377 2185 tomae
419 2139 576 2186 Iocum
619 2136 766 2194 etiam
807 2144 848 2191 2,
883 2144 985 2192 232,
1031 2134 1116 2182 ubi
1146 2134 1272 2183 haec
1303 2135 1608 2197 proprietas
1641 2138 1918 2198 leqatorum
1955 2140 2004 2182 et
2038 2136 2153 2196 ipsa

206 2205 443 2268 sequitur
484 2218 617 2264 eam,
653 2218 797 2266 quam
837 2201 991 2250 Gaius
1026 2199 1079 2264 S
1115 2211 1213 2250 269.
1248 2216 1430 2250 rursus
1464 2203 1886 2259 commemoravit,
1924 2208 1975 2250 et
2008 2202 2152 2263 infra

209 2270 371 2320 verba
399 2269 452 2334 §-
478 2280 571 2321 277.
609 2278 651 2318 et
687 2274 793 2334 quia
822 2278 929 2333 post
953 2277 1149 2318 mortem
1176 2285 1361 2333 quoquc
1386 2270 1573 2318 heredis
1598 2270 2020 2320 fideicommissum
2048 2271 2148 2319 dari

208 2346 368 2402 potest
400 2339 700 2391 ostendunt,-
740 2352 877 2387 more
912 2339 1038 2385 enim
1071 2353 1162 2387 suo
1202 2337 1359 2387 Gaius
1400 2338 1528 2386 hanc
1569 2353 1770 2387 eausam
1811 2340 2009 2401 afferre
2052 2354 2151 2387 non

208 2427 449 2485 poterat,
493 2423 592 2471 nisi
621 2424 719 2470 iam
751 2438 854 2471 rem
889 2423 1160 2470 retulisset.
1273 2419 1310 2484 ¹)
1355 2411 1476 2471 Hdes
1509 2424 1742 2470 institutio
1776 2421 1962 2471 Sched.
2012 2423 2151 2470 heres

209 2492 392 2539 institui
430 2491 572 2549 edd.‚'
613 2491 857 2554 quomodo
892 2504 1017 2537 sane
1053 2495 1292 2538 oratores
1325 2491 1388 2536 de
1423 2488 1698 2549 capacibus
1732 2490 1906 2536 dicunt
1941 2487 2147 2545 Quintil.

211 2557 258 2606 I.
291 2555 357 2608 Ο.
380 2568 422 2618 9,
448 2567 487 2605 2.
518 2554 570 2619 8.
597 2567 662 2608 74.
711 2558 829 2605 Vid.
855 2555 1060 2604 ‘Gaius'
1084 2571 1139 2618 p.
1166 2564 1232 2603 52.
1272 2556 1464 2603 heredis
1488 2556 1784 2603 institutione
1812 2553 2043 2615 (capere)
2072 2556 2152 2602 ed.

209 2639 321 2673 mea
354 2637 426 2677 1.:
464 2626 601 2690 quod
629 2628 757 2673 satis
790 2623 979 2671 Latine
1016 2624 1119 2670 dici
1150 2629 1291 2669 recte
1329 2622 1532 2684 neyavit
1567 2621 1666 2685 By.
1703 2621 1783 2669 ed.
1810 2632 1848 2673 5.
1887 2621 1999 2669 Iam
2025 2620 2151 2682 vidi,

209 2692 473 2742 librariam
498 2708 603 2740 cum
629 2699 796 2741 notam
823 2690 848 2737 ὃ
874 2688 963 2751 (--·
984 2688 1174 2752 capere)
1201 2689 1336 2742 libri,
1364 2689 1495 2737 unde
1521 2688 1856 2750 describebat,
1883 2705 1982 2738 non
2006 2691 2149 2738 intel·

209 2763 390 2823 ligeret
417 2760 730 2823 (plerumque
756 2758 884 2807 enim
910 2765 1097 2805 tantum
1125 2772 1180 2804 uc
1202 2760 1336 2805 valet
1361 2754 1646 2820 usucapere)
1670 2757 1857 2818 secisse
1883 2774 1910 2807 o
1934 2760 2151 2821 indeque

212 2829 362 2876 etiam
387 2835 540 2877 antea
567 2843 592 2875 a
619 2834 837 2875 mutasse
859 2828 908 2872 in
936 2827 971 2888 i,
999 2840 1022 2873 r
1046 2824 1097 2872 in
1125 2825 1170 2872 d.

344 2991 396 3061 ξ.
421 2996 561 3045 2708.
603 2996 681 3056 Cf.
712 2996 849 3057 Epit.
879 2997 910 3042 l.
936 3010 977 3047 e.
1021 2993 1138 3057 Uip.
1177 3003 1244 3055 25,
1281 3003 1320 3044 8.
1359 2994 1506 3046 Paul.
1532 3004 1574 3053 4,
1604 3006 1640 3043 1.
1680 2992 1733 3056 3.
1762 3004 1826 3047 ιο.
1854 2992 1904 3057 §-
1933 3006 1970 3044 1.
2007 2994 2056 3046 1.
2085 2996 2150 3045 de

208 3064 372 3113 codic.
402 3061 464 3121 (2,
489 3061 577 3126 25).
619 3063 721 3112 Cic.
751 3065 814 3113 de
830 3062 972 3123 finib.
998 3071 1039 3122 2,
1066 3073 1129 3111 17.
1217 3058 1269 3127 ξ.
1299 3064 1417 3113 271.
1454 3061 1536 3123 Cf.
1563 3059 1652 3124 33.
1678 3071 1769 3111 260.
1801 3072 1892 3111 261.
1936 3063 2046 3127 Ulp.
2078 3074 2147 3122 24,

206 3142 275 3181 2ο.
316 3130 459 3195 Epit.
489 3134 520 3179 l.
547 3146 591 3180 c.
619 3129 673 3194 S.
701 3144 741 3182 1.
779 3131 828 3179 J.
855 3131 918 3178 de
942 3132 1069 3194 sing.
1096 3130 1203 3179 reb.
1235 3132 1297 3194 (2,
1322 3129 1414 3192 24).
1525 3125 1576 3196 ξ.
1600 3132 1714 3179 272.
1761 3131 1841 3193 Cf.
1869 3130 2014 3194 Epit.
2044 3135 2076 3180 Ι.
2101 3148 2145 3181 c.

209 3197 300 3261 88.
337 3209 426 3248 264.
462 3208 552 3250 267.
591 3195 638 3263 S.
667 3210 708 3247 2.
748 3198 795 3249 I.
824 3200 887 3247 de
919 3199 1048 3260 sing.
1076 3198 1182 3246 reb.
1218 3194 1284 3263 (2,
1312 3197 1400 3260 24).
1504 3195 1553 3264 §.
1584 3200 1698 3248 273.
1740 3199 1818 3260 Cf.
1848 3200 1964 3262 Ulp.
1989 3209 2056 3260 25,
2084 3211 2146 3248 11.

209 3266 352 3329 Epit.
375 3268 410 3318 l.
438 3283 481 3316 e.
519 3264 571 3329 3.
604 3277 643 3315 2.
689 3266 731 3320 Ι,
759 3268 822 3314 de
848 3267 1008 3316 codic.
1043 3263 1105 3328 (2,
1134 3265 1224 3326 25).
1262 3264 1317 3329 S.
1346 3277 1411 3316 10.
1449 3266 1498 3315 I.
1528 3268 1591 3316 de
1611 3268 1738 3329 foss,
1764 3269 1938 3317 hered.
1967 3267 2030 3329 (2,
2056 3266 2147 3324 23).

274 3331 324 3399 §.
353 3336 471 3383 274.
511 3333 589 3396 Cf.
627 3333 727 3383 Cic.
762 3333 916 3382 Ver-r.
952 3337 994 3390 2,
1030 3344 1069 3383 1.
1103 3349 1145 3382 c.
1179 3344 1245 3381 42.
1283 3350 1388 3383 cum
1415 3333 1579 3386 schol.
1615 3337 1695 3383 ed.
1724 3335 1864 3385 Bait.
1890 3350 1943 3395 p.
1968 3343 2057 3382 189.
2084 3334 2148 3379 de

206 3410 393 3455 senect.
419 3411 457 3452 5.
498 3399 550 3465 S.
579 3413 642 3451 14.
683 3404 746 3451 de
783 3404 874 3465 Iey.
909 3411 950 3456 2,
986 3411 1037 3449 2ο
1069 3416 1176 3465 seq.
1222 3404 1286 3451 de
1310 3418 1423 3465 rep.
1451 3412 1491 3458 3,
1520 3412 1582 3453 10.
1629 3403 1692 3450 de
1711 3403 1800 3461 fin.
1827 3409 1868 3459 2,
1895 3410 1959 3447 17.
1998 3398 2050 3462 S.
2079 3407 2146 3447 55.

212 3469 305 3518 Dio
332 3469 476 3519 Cass.
504 3479 568 3528 56,
593 3481 660 3519 10.
699 3467 900 3528 Quintil.
924 3471 1051 3517 decl.
1071 3478 1164 3517 264.
1205 3469 1340 3517 Ptin.
1364 3484 1548 3531 paneg.
1575 3478 1642 3516 42.
1680 3467 1791 3515 Liv.
1820 3482 1900 3526 ep.
1927 3476 1992 3515 41.
2021 3465 2145 3514 Geli.

208 3546 246 3591 7,
272 3546 337 3588 13.
374 3547 439 3597 17,
466 3547 506 3586 6.
544 3548 610 3596 2ο,
637 3550 677 3585 1.
715 3537 981 3601 Anyzestin.
1021 3537 1084 3585 de
1114 3537 1210 3586 civ.
1250 3537 1316 3587 D.
1344 3546 1385 3594 3,
1412 3545 1476 3585 21.
1514 3533 1776 3583 Plutarch.
1806 3530 1911 3579 Cic.
1938 3542 2002 3584 41,
2046 3532 2148 3579 Po-

208 3605 302 3668 lyb.
327 3615 392 3662 32,
421 3617 485 3654 14.
