2546 3928
1098 202 1281 237 carvS.
2081 190 2159 246 17

208 322 465 373 actiones
504 323 748 386 pertinet
795 321 915 386 (lib.
954 318 1068 386 IV.)
1107 321 1466 381 divisionem,
1527 323 1666 372 Nam
1704 339 1825 373 cum
1865 340 2021 374 omne
2059 325 2150 375 ius

207 390 484 453 privatum
511 389 713 454 partim
738 389 796 438 in
822 404 881 438 se
911 389 1030 454 ipso
1071 395 1126 440 et
1152 406 1248 454 per
1289 406 1347 441 se
1385 394 1654 455 spectato,
1696 392 1891 454 partim
1919 392 1977 441 in
2002 392 2143 456 iure,

209 472 333 506 cum
371 457 428 505 in
463 457 897 507 controversiam
933 461 1179 517 vocatur,
1227 457 1498 508 adversus
1543 458 1803 507 iniuriam
1848 459 2143 510 obtinendo

208 524 501 586 consistat,
547 525 832 590 ipsumque
883 525 967 574 ius
1013 540 1203 574 rursus
1251 530 1350 575 aut
1396 540 1659 590 personas
1706 530 1803 575 aut
1849 541 1957 588 res,
2006 542 2147 590 quae

73 595 176 653 [95]
207 592 456 656 personis
482 562 810 648 inserviunt,
847 591 1249 659 apprehendat,
1292 592 1482 642 addito
1520 608 1584 642 eo
1624 593 1757 651 iure,
1797 593 1942 657 quod
1974 595 2146 644 actio-

206 674 302 709 nes
339 659 704 740 apprehendit
740 658 954 710 civibus
981 661 1236 724 privatis,
1277 661 1472 724 quibus
1510 660 1765 709 iniuriam
1804 663 2145 726 propulsent,

203 742 316 777 non
370 728 548 777 minus
604 742 766 791 quam
814 727 1032 791 populis
1078 727 1250 777 belli
1257 729 1343 778 ius
1392 733 1793 808 competenteS,
1855 733 1967 779 tres
2012 728 2145 779 illae

204 796 394 859 partes
433 796 588 858 quasi
625 798 822 860 sponte
859 794 1201 845 nascuntur.¹
1272 795 1347 844 Et
1381 795 1638 844 similiter
1673 798 1916 860 ipsarum
1954 795 2145 845 harum

205 863 447 926 partium
474 861 895 912 distributiones
923 863 1166 913 mirabili
1205 862 1438 927 quodam
1476 878 1728 913 verorum
1764 863 2145 913 discriminum

203 944 370 980 sensu
408 932 670 979 inventae
711 936 768 980 et
806 926 1104 994 expressae
1152 937 1299 991 sunt,
1348 945 1455 995 qua
1492 931 1559 980 de
1596 945 1656 981 re
1701 930 1989 994 disputare
2028 930 2149 980 lon-

199 1013 332 1062 gum
368 1002 426 1048 et
464 999 533 1046 ab
570 997 678 1047 hoc
715 997 839 1047 loco
881 997 1126 1048 alienum
1163 1004 1268 1049 est.
1286 997 1309 1030 ²
1380 998 1631 1062 Denique
1672 997 1846 1049 Gaius
1881 999 1940 1048 in
1976 1014 2143 1064 expo-

198 1065 406 1115 sitione
455 1069 616 1114 tanta
656 1065 1057 1145 perspicuitate
1105 1071 1163 1114 et
1207 1064 1430 1116 dicendi
1468 1064 1826 1130 simplicitate
1870 1081 2001 1116 usus
2040 1073 2141 1129 est,

198 1138 261 1181 ut
288 1129 625 1182 Herodotum
661 1133 746 1182 ius
784 1148 1008 1183 narrare
1047 1134 1301 1197 opinere.
1340 1149 1479 1198 quae
1519 1149 1605 1184 res
1642 1149 1763 1183 cum
1790 1134 1977 1198 primis
2010 1134 2142 1183 tiro·

196 1215 331 1249 num
368 1200 578 1250 animos
626 1199 805 1249 allicit
851 1205 908 1250 et
955 1200 1219 1250 delectat.
1295 1201 1455 1262 Quod
1492 1216 1622 1250 v·eio
1661 1201 2045 1266 negligentiae
2084 1202 2141 1250 in

193 1267 529 1331 quibusdam
573 1267 860 1317 incusatus
906 1273 1010 1332 est,
1072 1269 1271 1333 partim
1320 1269 1559 1318 librariis
1606 1266 1787 1332 potius
1834 1270 1972 1319 vitio
2021 1284 2142 1320 ver-

197 1334 428 1384 tendum
472 1333 652 1398 (velut
699 1335 842 1398 quod
886 1335 1032 1385 haud
1077 1351 1200 1386 raro
1249 1343 1443 1386 contra
1490 1337 1857 1400 grammatica
1904 1336 1971 1387 de
2011 1352 2141 1386 con·

193 1402 491 1452 secutione
550 1408 853 1467 temporum
915 1410 1216 1468 praecepta
1275 1418 1536 1467 peccasse
1598 1401 1872 1467 videtur),
1936 1405 2139 1467 partim

192 1469 369 1519 aliter
394 1470 769 1518 excusandum
799 1473 896 1517 est.
944 1471 1082 1518 Nam
1106 1484 1431 1534 persuasum
1466 1469 1598 1518 mibi
1632 1476 1735 1530 est,
1773 1485 1882 1518 non
1909 1475 2142 1519 cunctos

189 1539 471 1600 quattuoi
508 1537 930 1585 commentarios
967 1535 1144 1593 simul,
1189 1535 1290 1584 sed
1326 1535 1575 1599 singulos
1613 1550 1735 1585 eum
1772 1536 1827 1584 in
1866 1536 2143 1601 publicum

192 1601 464 1664 edidisse,
511 1601 629 1651 sive
676 1602 947 1651 communi
995 1598 1391 1652 consuetudine
1440 1601 1587 1666 (nam
1636 1607 1691 1652 et
1740 1604 1881 1653 alios
1919 1603 2022 1654 hoc
2064 1604 2143 1654 fc-

188 1667 559 1729 cisse‚xvelut
595 1668 705 1718 ista
744 1670 861 1719 fere
900 1673 1083 1720 aetate
1121 1669 1460 1733 Polyaenum
1504 1675 1965 1735 strategematum
2003 1673 2144 1722 scri-

186 1743 413 1804 ptorem
451 1741 789 1810 compertum
828 1737 1114 1799 habemus)
1164 1737 1278 1787 sive
1316 1737 1463 1802 quod
1512 1739 1628 1804 ipse
1665 1739 1771 1788 hoc
1818 1739 2141 1790 adsueverit

188 1807 389 1856 facere
427 1804 484 1853 in
523 1800 678 1854 libris
715 1804 1092 1868 singularibus
1143 1805 1212 1854 ad
1251 1806 1491 1856 edictum
1529 1806 1776 1869 edendi8‚
1824 1809 1946 1857 sive
1994 1809 2140 1872 quod

190 1871 520 1922 diffidentia.
565 1872 836 1936 quaedam
884 1873 941 1922 in
988 1876 1101 1921 tarn
1152 1889 1291 1924 novo
1342 1875 1705 1939 scriptionum
1760 1890 1963 1939 genere
2013 1891 2140 1924 eum

186 1939 553 2005 compulerit,
614 1945 673 1989 ut
734 1940 939 1991 iudicia
1000 1940 1281 1991 hominum
1342 1942 1700 2007 experiretur.
1797 1942 2136 2007 Arg-umento

190 2014 384 2058 autem
411 2013 498 2057 est
522 2008 773 2071 primum,
814 2008 958 2073 quod
995 2010 1043 2057 si
1079 2010 1311 2073 primum
1338 2010 1786 2058 commentarium
1814 2024 1933 2057 cum
1960 2008 2136 2059 altero

187 2076 414 2126 demum
459 2075 780 2138 vulgasset,
835 2077 1166 2125 mentionem
1216 2076 1570 2141 imperatoris
1616 2076 1885 2125 Antonini
1932 2078 2134 2137 1,102.

186 2150 462 2207 tanquam
488 2142 602 2191 vivi
638 2143 887 2192 habitam
923 2159 1033 2193 non
1069 2148 1287 2207 poterat
1321 2144 1380 2200 in
1418 2142 1533 2194 divi
1564 2144 2137 2193 commemorationem

186 2226 306 2261 non
362 2214 592 2259 mutare.
666 2210 949 2261 ,Similiter
1001 2211 1276 2261 iudicabis
1328 2210 1395 2260 de
1444 2211 1685 2261 secundo
1741 2212 2133 2262 commentario

336 2395 373 2459 ¹)
404 2398 511 2455 Quo
539 2398 686 2457 magis
711 2404 871 2460 postea
899 2398 1014 2461 ipsis
1040 2400 1225 2461 populis
1251 2399 1336 2446 snb
1366 2400 1521 2459 iugum
1549 2399 1733 2460 imperii
1761 2398 1967 2447 redactis
1994 2400 2134 2446 etiam

182 2468 409 2517 actiones
454 2465 696 2528 paullatim
742 2466 1130 2515 extraordinariis
1172 2465 1579 2528 persecutionibus
1623 2480 1827 2520 cessere,
1876 2466 1923 2512 in
1961 2464 2135 2525 quihus

185 2550 286 2583 non
316 2540 411 2581 tam
438 2540 600 2582 nostro
627 2533 727 2580 iure
752 2533 932 2596 privato
958 2534 1005 2582 in
1033 2534 1224 2586 iudicio.
1261 2533 1383 2595 quod
1412 2532 1550 2579 nobis
1575 2530 1784 2587 debetur,
1810 2532 2136 2595 persequimur

184 2601 289 2666 (pr.
319 2602 354 2652 1.
384 2600 443 2648 de
470 2607 562 2649 act.
591 2602 637 2660 4,
665 2597 756 2661 6.),
791 2614 931 2663 quam
968 2614 1136 2647 novum
1172 2600 1244 2647 ius
1280 2599 1339 2647 ab
1377 2598 1573 2661 imperio
1611 2599 1820 2661 pendens
1856 2599 1928 2647 ius
1955 2600 2132 2649 indulta

183 2685 217 2718 a
255 2669 533 2728 magistratu
577 2668 853 2728 cognitione
898 2681 1116 2716 exercere
1161 2667 1388 2720 videmur,
1436 2674 1563 2715 tanto
1598 2666 1747 2727 magis
1782 2668 1906 2716 actio
1942 2670 2133 2732 propria

182 2735 425 2800 quaedam
461 2736 577 2784 iuris
609 2735 780 2799 privati
815 2736 946 2798 quasi
981 2735 1243 2783 substantia
1283 2750 1385 2783 esse
1410 2734 1563 2792 desiit,
1598 2735 1658 2784 ad
1683 2750 1821 2798 quam
1847 2736 1905 2784 ab
1932 2737 2050 2798 ipso,
2079 2752 2132 2784 ex

180 2819 283 2868 quo
311 2803 507 2863 agimus,
544 2803 780 2851 diversum
807 2803 878 2851 ius
903 2803 1140 2865 pertinere
1164 2804 1330 2866 possit.
1384 2803 1513 2860 Quod
1540 2803 1728 2865 quidem
1756 2803 1927 2862 effecit,
1964 2810 2012 2849 ut
2038 2804 2132 2850 iam

179 2871 443 2921 Iustiniani
479 2877 686 2933 tempore
719 2871 843 2919 inter
876 2872 1086 2918 actiones
1123 2877 1168 2918 et
1201 2870 1513 2930 obligationes
1549 2886 1642 2918 non
1680 2871 1873 2918 multum
1904 2870 2133 2919 interesse

185 2938 432 2987 videretur
467 2936 536 2998 (et
569 2953 684 2987 sanc
719 2938 860 2986 etiam
893 2939 1104 2987 actiones
1139 2944 1246 2985 sunt
1282 2937 1511 3000 quaedam
1546 2937 1861 2997 obligationes
1900 2944 1958 2994 et,
2002 2939 2129 3002 quod

178 3005 508 3068 Theophilum
544 3005 623 3054 [Π.
660 3014 709 3053 13
730 3020 815 3083 pr.
852 3005 922 3054 1v.
960 3014 984 3053 6
1019 3020 1088 3068 pr.
1122 3005 1322 3053 maxime
1354 3005 1499 3053 movit
1534 3012 1578 3052 et
1611 3005 1658 3052 in
1697 3018 1905 3053 errorem
1937 3005 2129 3062 induxit,

175 3072 504 3133 obligationes
539 3073 772 3136 imprimis
812 3088 928 3137 opus
967 3073 1141 3121 babent
1182 3073 1369 3121 actione
1406 3079 1450 3119 et
1485 3087 1627 3136 saepe
1662 3079 1836 3121 tantum
1874 3073 1920 3121 in
1958 3075 2130 3134 agendi

181 3140 417 3191 facultate
438 3142 657 3203 praestita
680 3137 988 3202 consistunt):
1018 3146 1178 3188 nostro
1201 3154 1309 3188 vero
1330 3147 1539 3219 tempore
1560 3141 1787 3188 exstincta
1809 3131 1957 3203 paene
1976 3143 2130 3190 actio·

178 3210 263 3258 nis
290 3208 570 3265 substantia
597 3208 702 3258 Gaii
731 3209 944 3257 actiones
970 3223 994 3255 a
1021 3208 1258 3271 plerisque
1279 3209 1472 3256 omnino
1493 3208 1585 3255 alio
1612 3221 1753 3255 sensu
1779 3222 1848 3256 sc.
1874 3222 1959 3270 pro
1985 3200 2129 3270 προί-

181 3274 350 3339 ξεσιν
371 3276 726 3338 acciperentur,
753 3291 841 3338 qua
863 3279 1046 3324 ratione
1065 3276 1221 3323 omnis
1240 3276 1340 3324 laus
1362 3276 1569 3324 Gaianae
1590 3275 1840 3323 divisionis
1859 3275 2126 3336 perimitur.

172 3343 223 3406 ²)
264 3347 282 3374 ⁶
301 3342 508 3392 Tabulas
542 3343 903 3391 delineationem
941 3343 1207 3421 systematis
1243 3343 1529 3393 Gaianarum
1566 3342 2018 3399 iustinianarumque
2049 3341 2128 3387 In-

173 3412 484 3461 stitutionum
512 3410 632 3458 inter
667 3425 719 3459 se
753 3410 1012 3473 comparati
1041 3409 1313 3458 exhibentes
1340 3424 1393 3456 ex
1420 3416 1521 3457 arte
1548 3409 1595 3456 in
1626 3410 1822 3457 formam
1849 3405 2024 3451 indicis
2051 3419 2128 3450 re-

168 3481 383 3530 dactas’
423 3478 564 3526 multa
599 3492 707 3526 cum
741 3485 840 3527 arte
873 3477 1080 3527 confecit
1114 3477 1430 3535 Boeckingius
1466 3489 1671 3536 suaeque
1706 3472 1809 3521 Gaii
1842 3468 2037 3515 editioni
2066 3468 2128 3515 ad

172 3548 373 3596 calcem
402 3546 597 3594 adiecit.

286 3636 454 3675 Gnvs.

1702 3619 1731 3663 2
