2546 3928
377 186 501 242 240
928 201 1054 237 Gan
1092 202 1300 236 ms‘nr.
1340 188 1432 236 IV.
1474 188 1756 236 184-187.

343 341 569 397 -posse;
613 342 800 397 quare
842 326 1039 391 eidicto
1084 328 1353 398 praetoris
1381 341 1684 399 personati,
1731 326 1936 396 quibus
1979 329 2310 384 reuerentia

371 411 639 479 debetur,
681 410 801 465 sine
835 417 845 472 ι
875 412 1145 483 permissu
1185 414 1481 481 praetoris
1521 413 1573 465 in
1618 411 1700 465 ius
1744 426 2111 466 uocarevnon
2141 414 2309 483 licet,

371 495 573 566 quales
600 502 733 555 sunt
751 486 768 554 ἶ
796 499 1121 564 pali-entes,
1156 488 1463 567 patronus²
1492 503 1546 549 et
1577 493 1736 549 liberi
1752 503 2148 567 parentesque
2169 507 2307 567 pat·
2330 499 2456 569 [324]

372 581 523 634 troni
533 572 579 646 ,3
610 586 665 633 et
696 578 769 632 ’in
801 571 985 648 eum‚⁴
1030 580 1122 651 qui
1154 578 1417 634 aduersus
1449 594 1509 634 ea
1542 580 1730 651 egerit,
1766 579 1966 649 ’poena
1996 584 2312 640 constituta

373 657 514 718 est.⁵
600 658 729 720 184.
785 654 983 718 ’Cumss
1024 670 1200 718 autem
1245 664 1298 717 iu
1342 665 1426 717 ius
1468 671 1695 718 uocatus
1738 662 1909 740 suerit
1936 662 2306 739 aduersarius,

370 747 422 801 ni
455 762 519 801 eo
551 745 636 801 die
680 744 892 802 finitum
916 746 1097 817 fuerit
1140 747 1458 821 negotium,
1499 746 1861 810 uadimonium
1905 748 1953 801 ei
1994 747 2308 807 faciendum

333 859 336 860 ν
369 838 485 901 est,
515 829 569 885 id
599 838 798 901 est,.ut
828 832 1127 903 promittat,
1163 849 1221 886 se
1253 838 1403 886 certo
1436 831 1522 886 die
1553 832 1688 886 sisti.
1766 827 1893 890 185.
1927 830 2085 888 Fiunt
2118 843 2309 891 autem

373 915 674 972 uadimonia
708 913 1027 987 quibusdam
1061 932 1124 970 ex
1157 917 1335 972 causis
1365 931 1532 987 pura,
1580 915 1632 970 id
1664 924 1748 971 est
1776 918 1890 980 sine
1921 916 2307 991 satisdatione,

233 1007 350 1060 251,
372 998 691 1071 quibusdam
721 1015 841 1054 cum
872 998 1252 1068 satisdatione,
1302 999 1619 1071 quibusdam
1649 997 2029 1072 iureiurando,
2074 1001 2307 1074 quibus·

370 1082 489 1137 dam
519 1082 992 1155 recuperatoribus
1024 1084 1352 1155 suppositiS‚
1385 1084 1437 1138 id
1471 1092 1586 1155 est,
1618 1091 1676 1139 ut
1708 1086 1799 1156 qui
1830 1100 1942 1140 non
1971 1087 2218 1155 steterit,
2252 1089 2303 1143 is

368 1167 620 1239 protinus
646 1182 673 1220 a
701 1166 1171 1239 recuperatoribus
1196 1168 1250 1221 in
1276 1184 1537 1223 summam
1564 1167 1851 1223 uadimonii
1875 1169 2268 1226 condemnetur
2285 1190 2302 1225 ε

367 1266 536 1323 eaque
567 1250 780 1323 singula
811 1250 1105 1323 diligenter
1146 1253 1414 1324 praetoris
1460 1252 1635 1307 edicto
1681 1251 2071 1326 significantur.
2159 1250 2303 1312 186.

366 1334 431 1390 Et
487 1335 755 1408 siquidem
809 1334 1032 1392 iudicati
1085 1335 1383 1409 depensiue
1424 1344 1645 1410 agetur,
1704 1338 1838 1391 tanti
1885 1330 2019 1391 ’fit⁷·
2047 1337 2301 1395 uadimo·
2352 1347 2357 1352 ’

366 1421 533 1491 nium,
559 1420 743 1492 quanti
769 1435 829 1474 ea
860 1435 949 1475 res
975 1421 1107 1489 erit3
1146 1421 1190 1474 si
1216 1437 1350 1476 uero
1376 1436 1438 1475 ex
1466 1422 1659 1477 ceteris
1693 1422 1888 1492 causis,
1925 1423 2112 1494 quanti
2141 1432 2305 1479 actor

365 1505 629 1559 iurauerit
657 1520 767 1559 non
802 1504 1108 1561 calumniae
1140 1521 1298 1562 causa
1332 1504 1612 1578 postulare
1644 1505 1743 1560 sibi
1777 1505 2138 1562 uadimonium
2163 1525 2301 1581 pro—

367 1589 529 1644 mitti:
563 1604 664 1644 uec
697 1596 870 1643 tamen
903 1585 1110 1660 (pluris
1140 1605 1312 1659 quam
1338 1593 1530 1660 partis
1565 1591 1852 1661 dimidiae,
1883 1589 2011 1659 nec)
2044 1590 2298 1664 pluribus

366 1689 525 1745 quam
569 1673 878 1728 sestertium
912 1689 947 1731 c
979 1672 1193 1730 milibus
1236 1672 1295 1728 fit
1337 1673 1731 1729 uadimonium:
1777 1676 1958 1747 itaque
1988 1676 2032 1729 si
2072 1683 2296 1732 centum

364 1756 567 1811 milium
599 1773 687 1811 res
714 1758 846 1828 erit,
880 1774 981 1814 nec
1011 1757 1227 1813 iudicati
1259 1758 1552 1831 depensiue
1582 1767 1805 1833 agetur,
1837 1775 1946 1814 non
1977 1759 2098 1831 plus
2131 1778 2296 1833 quam

364 1842 676 1895 sestertium
723 1842 1115 1914 quinquaginta
1158 1842 1370 1898 milium
1400 1840 1462 1896 fit
1493 1842 1872 1906 uadimonium.
1959 1840 2078 1899 187.
2143 1842 2295 1910 Quas

364 1931 542 1979 autem
588 1939 848 1997 personas
895 1926 1008 1981 sine
1054 1926 1321 1998 permissu
1362 1928 1631 2000 praetoris
1661 1928 1863 2000 inpune
1892 1929 1947 1983 in
1976 1928 2058 1983 ius
2093 1944 2296 1985 uocare

363 2025 472 2064 non
514 2026 837 2082 possumuS,
885 2009 1096 2065 easdem
1138 2026 1241 2066 nec
1286 2012 1593 2067 uadimonio
1639 2014 1831 2067 inuitas
1865 2011 2102 2086 obligare
2133 2014 2297 2069 nohis

360 2110 686 2166 possumuS,
718 2103 1089 2168 praeterquam
1124 2097 1166 2157 si
1200 2105 1425 2168 praetor
1454 2097 1628 2152 aditus
1660 2098 1942 2169 permittit.

363 2242 501 2291 Edd.
526 2250 717 2291 tantum
743 2245 791 2291 in
810 2244 913 2305 fine
938 2243 1123 2292 habent
1148 2242 1318 2322 algere.
1430 2244 1465 2303 ¹)
1504 2245 1736 2294 Restitui.
1786 2245 1976 2293 Notata
2016 2252 2164 2294 erant
2187 2262 2217 2309 p
2222 2250 2293 2296 se

361 2326 416 2372 qr
442 2336 501 2344 —
531 2325 587 2372 pr
619 2325 793 2373 psonas
829 2311 954 2373 quib.
991 2311 1195 2359 reueftia
1233 2313 1373 2360 debet
1407 2313 1584 2375 pmissu
1620 2313 1720 2375 pris
1755 2338 1818 2346 —
1855 2328 1882 2360 n
1890 2309 1990 2376 (on)
2016 2337 2080 2346 —
2117 2311 2290 2377 s(unt)

359 2377 426 2425 In
461 2379 538 2424 ius
569 2382 648 2426 vel
680 2379 751 2425 ad
777 2383 1072 2439 praetorem
1101 2379 1318 2429 eoetralzi
1350 2382 1427 2428 vel
1458 2380 1697 2441 pertrahi
1728 2380 1912 2428 dieitur
1951 2382 2083 2429 velut
2115 2379 2286 2432 Schol.

361 2445 550 2494 Horat.
578 2457 617 2505 1,
646 2454 685 2494 9.
721 2461 765 2496 υ,
791 2454 857 2496 65.
904 2444 1080 2494 Valer.
1111 2445 1260 2494 Max.
1292 2456 1332 2505 5,
1358 2457 1398 2499 2.
1438 2443 1489 2509 S.
1517 2457 1558 2498 3.
1587 2453 1724 2497 eoetr.
1764 2448 1825 2495 L.
1851 2457 1914 2494 21.
1956 2448 2021 2496 D.
2045 2449 2154 2496 de.
2134 2463 2185 2496 zn
2210 2449 2291 2496 ius·

358 2528 463 2562 voc.
491 2512 557 2574 (2,
584 2511 646 2576 4).
752 2511 793 2573 ²)
836 2514 961 2561 tiaon
989 2527 1040 2561 ec
1067 2521 1267 2576 patrono
1296 2514 1348 2563 C.
1375 2517 1506 2563 unde
1541 2516 1809 2563 *notione
1834 2529 1937 2563 cum
1964 2523 2161 2578 patrono
2186 2513 2289 2578 B9.

360 2582 438 2632 ed.
465 2589 507 2630 5.
550 2583 612 2631 de
646 2595 795 2630 sensu
831 2595 929 2629 non
962 2581 1223 2634 sollicitus.
1332 2579 1374 2643 ³)
1413 2582 1519 2630 Hie
1553 2597 1748 2646 quoque
1774 2581 1829 2630 C.
1867 2583 2045 2630 duc-ties
2079 2585 2289 2630 restitu-

360 2649 487 2698 tioni
516 2650 589 2697 ad
618 2663 815 2698 sensum
852 2654 1041 2696 tantum
1072 2649 1262 2709 factae
1283 2665 1463 2712 parum
1495 2649 1688 2710 favent.
1738 2658 1781 2697 et
1814 2650 1982 2698 liberto
2018 2673 2081 2682 —-
2119 2674 2183 2682 —
2218 2674 2287 2683 -—

358 2712 584 2796 —lniapo
610 2718 689 2769 ed.
714 2714 813 2779 B9.
834 2724 875 2765 5.
914 2717 1085 2765 liberto
1112 2717 1191 2768 ed.
1219 2715 1321 2780 B9.
1393 2713 1441 2780 ⁴)
1468 2717 1559 2764 Eae
1587 2716 1798 2766 Goesch
1824 2718 1904 2766 ed.
1976 2714 2066 2777 ⁵)‘
2071 2731 2289 2779 poenam

350 2785 697 2848 pecuniariam
730 2785 1053 2833 condemnat'
1090 2785 1170 2835 ed.
1205 2781 1305 2848 B9.
1340 2799 1544 2832 suarum
1578 2799 1675 2847 ope
1710 2790 1952 2833 notarum.
1992 2783 2100 2832 Sed
2133 2785 2212 2832 ed
2240 2793 2283 2833 5.

357 2859 410 2900 ut
435 2866 542 2901 nos.
648 2850 689 2912 ὃ)
734 2851 819 2901 Ea>
842 2866 951 2900 mea
975 2852 1045 2913 ej.
1075 2867 1103 2912 q
1133 2850 1183 2903 C.
1221 2852 1425 2908 Quando
1452 2852 1532 2900 ed.
1561 2851 1659 2914 B9.
1764 2850 1807 2914 7)
1845 2853 1926 2900 fiat
1950 2850 2006 2900 C.
2047 2853 2128 2900 fiet
2163 2852 2284 2901 edd.

357 2921 505 2968 etiam
528 2935 637 2968 mea
659 2920 824 2982 prior.

355 3064 417 3104 13.
465 3058 521 3108 D.
550 3056 688 3104 dein
714 3057 921 3104 iusvoe.
960 3052 1022 3118 (2,
1047 3051 1113 3117 4).
1156 3055 1220 3105 L.
1247 3064 1289 3110 2.
1316 3061 1356 3102 3.
1397 3052 1449 3105 0.
1478 3055 1590 3102 eod
1631 3050 1692 3116 (2,
1719 3051 1782 3116 2).
1900 3049 1949 3119 ξ.
1980 3053 2093 3102 184.
2135 3054 2213 3115 Cf.
2241 3063 2284 3115 3,

356 3133 447 3174 224.
487 3122 669 3171 Keller
703 3122 911 3184 Civilpr.
952 3120 1001 3184 3.
1028 3132 1094 3170 47.
1234 3118 1284 3187 §.
1315 3121 1426 3171 185.
1468 3121 1545 3181 Cf
1584 3120 1741 3169 Rabr.
1779 3121 1841 3171 D.
1871 3123 1956 3185 qai
1984 3122 2162 3172 satisd.
2200 3137 2285 3171 co·

351 3197 540 3254 yantar
566 3192 642 3238 vel
665 3191 833 3238 iurato
856 3191 1171 3252 promittant,
1199 3193 1278 3237 vel
1299 3203 1421 3237 suae
1445 3190 1773 3251 promissioni
1796 3190 2179 3238 committantur.
2217 3189 2283 3239 L.

354 3258 509 3307 Rubr.
535 3272 575 3306 c.
602 3267 651 3305 21
668 3258 758 3318 fin.
799 3256 997 3305 Cornel.
1028 3257 1159 3319 Nep.
1188 3256 1346 3307 Attio.
1373 3266 1414 3305 9.
1555 3252 1606 3322 ξ.
1638 3257 1749 3304 186.
1791 3255 1870 3315 Cf.
1902 3257 1961 3310 L.
1987 3267 2029 3306 4.
2057 3254 2110 3319 3.
2134 3266 2174 3306 5.
2218 3257 2284 3310 D.

354 3328 533 3389 siquis
558 3322 779 3388 caut.(2,
807 3321 896 3386 11).
935 3324 994 3371 L.
1024 3334 1065 3372 3
1104 3321 1153 3385 3.
1184 3333 1223 3374 4.
1268 3324 1329 3374 D.
1360 3325 1422 3372 de
1456 3339 1548 3385 eo,
1584 3341 1634 3386 p.
1667 3339 1807 3388 quem
1836 3324 1877 3384 f.
1905 3322 1966 3385 (2,
1992 3321 2079 3387 10).
2119 3325 2185 3375 L.
2211 3334 2286 3374 115

353 3408 437 3454 pr
474 3392 538 3440 D.
568 3395 630 3440 de
655 3392 789 3443 v.erb
818 3391 912 3441 obl.
942 3393 1025 3451 (35
1052 3390 1114 3450 1).
1152 3390 1231 3451 Cf.
1262 3390 1374 3442 Lib.
1399 3407 1552 3440 meum
1579 3391 1780 3440 ‘Gaius’
1805 3407 1856 3453 p.
1887 3399 1974 3440 135.
2082 3388 2131 3458 ξ.
2163 3392 2280 3441 187.

358 3458 435 3516 Cf.
471 3453 645 3523 3183.
690 3462 749 3508 L.
787 3469 987 3512 1...3.
1035 3459 1099 3507 D.
1133 3460 1183 3506 in
1219 3460 1296 3507 ius
1326 3461 1494 3508 vocati
1529 3459 1594 3521 (2
1630 3455 1699 3522 6).
1753 3459 1813 3506 L.
1852 3469 1893 3507 2.
1928 3456 1980 3521 3
2012 3469 2051 3508 2.
2092 3460 2157 3507 D.
2198 3462 2287 3523 qui

354 3526 535 3576 satis-d,
563 3539 671 3587 <²09-
701 3526 759 3587 (2,
784 3527 848 3587 8).

1779 3632 1793 3657 2
